@article{Geweke89,
 author = {John Geweke},
 journal = {Econometrica},
 title = {Bayesian Inference in Econometric Models Using {M}onte {C}arlo Integration},
 year = {1989}
}


@inproceedings{
zhang2023robust,
title={Robust Scheduling with {GF}lowNets},
author={David W Zhang and Corrado Rainone and Markus Peschl and Roberto Bondesan},
booktitle={International Conference on Learning Representations (ICLR)},
year={2023},
}

@book{Newman2010,
  author = {Newman, M. E. J.},
  publisher = {Oxford University Press},
  title = {Networks: an introduction},
  year = 2010
}


@InProceedings{dna,
  title = 	 {Biological Sequence Design with {GF}low{N}ets},
  author =       {Jain, Moksh and Bengio, Emmanuel and Hernandez-Garcia, Alex and Rector-Brooks, Jarrid and Dossou, Bonaventure F. P. and Ekbote, Chanakya Ajit and Fu, Jie and Zhang, Tianyu and Kilgour, Michael and Zhang, Dinghuai and Simine, Lena and Das, Payel and Bengio, Yoshua},
  booktitle = 	 {International Conference on Machine Learning (ICML)},
  year = 	 {2022},
}



@book{DBLP:books/daglib/glymour,
  author       = {Peter Spirtes and
                  Clark Glymour and
                  Richard Scheines},
  title        = {Causation, Prediction, and Search, Second Edition},
  series       = {Lecture Notes in Statistics},
  publisher    = {Springer-Verlag},
  year         = {1993}
}

@Article{Sun2022,
    author="Sun, Jian
    and Wu, Chenye
    and Peng, Weihua
    and Huang, Jiayan
    and Han, Cuiyun
    and Zhu, Yong
    and Lyu, Yajuan",
    title="Mining human preference via self-correction causal structure learning",
    journal="Scientific Reports",
    year="2022",
    month="Mar",
    day="23",
    volume="12",
    number="1",
    pages="5051",
    issn="2045-2322",
    doi="10.1038/s41598-022-08879-6",
    url="https://doi.org/10.1038/s41598-022-08879-6"
}


@book{spirtes2001causation,
    title = {{Causation, Prediction, and Search}},
    year = {2001},
    author = {Spirtes, Peter and Glymour, Clark N and Scheines, Richard},
    edition = {2nd},
    publisher = {MIT Press},
}


@Inbook{Heckerman2006,
    author="Heckerman, David
    and Meek, Christopher
    and Cooper, Gregory",
    title="A Bayesian Approach to Causal Discovery",
    bookTitle="Innovations in Machine Learning: Theory and Applications",
    year="2006",
    publisher="Springer Berlin Heidelberg",
    address="Berlin, Heidelberg",
    pages="1--28",
    isbn="978-3-540-33486-6",
    doi="10.1007/3-540-33486-6_1",
    url="https://doi.org/10.1007/3-540-33486-6_1"
}

@article{nowzohour2017distributional,
  title={Distributional equivalence and structure learning for bow-free acyclic path diagrams}, 
  journal={Electronic Journal of Statistics},
  author={Nowzohour, Christopher and Maathuis, Marloes H and Evans, Robin J and B{\"u}hlmann, Peter},
  year={2017}
}

@inproceedings{ashman2023causal,
title={Causal Reasoning in the Presence of Latent Confounders via Neural {ADMG} Learning},
author={Matthew Ashman and Chao Ma and Agrin Hilmkil and Joel Jennings and Cheng Zhang},
booktitle={International Conference on Learning Representations (ICLR)},
year={2023},
url={https://openreview.net/forum?id=dcN0CaXQhT}
}

@article{Uhler2012GeometryOT,
  title={Geometry of the faithfulness assumption in causal inference},
  author={Caroline Uhler and Garvesh Raskutti and Peter Buhlmann and Bin Yu},
  journal={Annals of Statistics},
  year={2012},
}

@article{robinsuconsistency,
 ISSN = {00063444},
 URL = {http://www.jstor.org/stable/30042062},
 author = {James M. Robins and Richard Scheines and Peter Spirtes and Larry Wasserman},
 journal = {Biometrika},
 number = {3},
 pages = {491--515},
 publisher = {[Oxford University Press, Biometrika Trust]},
 title = {Uniform Consistency in Causal Inference},
 urldate = {2023-07-31},
 volume = {90},
 year = {2003}
}

@inproceedings{DBLP:conf/uai/Meek95a,
  author       = {Christopher Meek},
  title        = {Strong completeness and faithfulness in Bayesian networks},
  booktitle    = {Uncertainty in Artificial Intelligence (UAI)},
  year         = {1995}
}

@article{DBLP:journals/jmlr/DrtonER09,
  author       = {Mathias Drton and
                  Michael Eichler and
                  Thomas S. Richardson},
  title        = {Computing Maximum Likelihood Estimates in Recursive Linear Models
                  with Correlated Errors},
  journal      = {Journal of Machinie Learning Research (JMLR)},
  year         = {2009}
}

@article{bareinboim2016pnas,
author = {Bareinboim, Elias and Pearl, Judea},
doi = {10.1073/pnas.1510507113},
journal = {Proceedings of the National Academy of Sciences},
number = {27},
pages = {7345--7352},
title = {{Causal inference and the data-fusion problem}},
url = {https://www.pnas.org/doi/abs/10.1073/pnas.1510507113},
volume = {113},
year = {2016}
}

@article{colombo2014order,
  title={Order-independent constraint-based causal structure learning.},
  author={Colombo, Diego and Maathuis, Marloes H and others},
  journal={J. Mach. Learn. Res.},
  volume={15},
  number={1},
  pages={3741--3782},
  year={2014}
}

@article{andersen2013expect,
  title={When to expect violations of causal faithfulness and why it matters},
  author={Andersen, Holly},
  journal={Philosophy of Science},
  volume={80},
  number={5},
  pages={672--683},
  year={2013},
  publisher={Cambridge University Press}
}

@InProceedings{spirtes1997equiv,
  title = 	 {A Polynomial Time Algorithm for Determining DAG Equivalence in the Presence of Latent Variables and Selection Bias},
  author =       {Spirtes, Peter and Richardson, Thomas S.},
  booktitle = 	 {Proceedings of the Sixth International Workshop on Artificial Intelligence and Statistics},
  pages = 	 {489--500},
  year = 	 {1997},
  editor = 	 {Madigan, David and Smyth, Padhraic},
  volume = 	 {R1},
  series = 	 {Proceedings of Machine Learning Research},
  month = 	 {04--07 Jan},
  publisher =    {PMLR},
  pdf = 	 {http://proceedings.mlr.press/r1/spirtes97b/spirtes97b.pdf},
  url = 	 {https://proceedings.mlr.press/r1/spirtes97b.html},
  note =         {Reissued by PMLR on 30 March 2021.}
}


@article{silva2009hiddenlife,
  author       = {Ricardo Silva and
                  Zoubin Ghahramanir},
  title        = {The Hidden Life of Latent Variables: {B}ayesian Learning with Mixed Graph models},
  journal      = {Journal of Machine Learning Research (JMLR)},
  year         = {2009}
}


@article{zhang2016faces,
author = {Zhang, Jiji and Spirtes, Peter},
doi = {10.1007/s11229-015-0673-9},
issn = {1573-0964},
journal = {Synthese},
number = {4},
pages = {1011--1027},
title = {{The three faces of faithfulness}},
url = {https://doi.org/10.1007/s11229-015-0673-9},
volume = {193},
year = {2016}
}

@article{zhalama2017heuristic,
author = {Zhalama and Zhang, Jiji and Mayer, Wolfgang},
doi = {10.1007/s41060-016-0033-y},
issn = {2364-4168},
journal = {International Journal of Data Science and Analytics},
number = {2},
pages = {93--104},
title = {{Weakening faithfulness: some heuristic causal discovery algorithms}},
url = {https://doi.org/10.1007/s41060-016-0033-y},
volume = {3},
year = {2017}
}


@Article{Zhang2008,
    author="Zhang, Jiji
    and Spirtes, Peter",
    title="Detection of Unfaithfulness and Robust Causal Inference",
    journal="Minds and Machines",
    year="2008",
    month="Jun",
    day="01",
    volume="18",
    number="2",
    pages="239--271",
    issn="1572-8641"
}

@article{zhang2008fci,
  author       = {Jiji Zhang},
  title        = {On the completeness of orientation rules for causal discovery in the presence of latent confounders and selection bias},
  journal      = {Artificial Intelligence},
  year         = {2008}
}

@article{DBLP:journals/jmlr/Zhang08,
  author       = {Jiji Zhang},
  title        = {Causal Reasoning with Ancestral Graphs},
  journal      = {Journal of Machine Learning Research (JMLR)},
  year         = {2008}
}

@inproceedings{DBLP:conf/nips/FoygelD10,
  author       = {Rina Foygel and
                  Mathias Drton},
  title        = {Extended Bayesian Information Criteria for Gaussian Graphical Models},
  booktitle    = {Advances in Neural Information Processing {(NeurIPS)}},
  year         = {2010}
}


@inproceedings{DBLP:conf/uai/MarxGM21,
  author       = {Alexander Marx and
                  Arthur Gretton and
                  Joris M. Mooij},
  title        = {A weaker faithfulness assumption based on triple interactions},
  booktitle    = {Uncertainty in Artificial Intelligence (UAI)},
  year         = {2021}
}

@article{DBLP:journals/corr/abs-2207-08963,
  author       = {Bryan Andrews and
                  Gregory F. Cooper and
                  Thomas S. Richardson and
                  Peter Spirtes},
  title        = {The m-connecting imset and factorization for {ADMG} models},
  journal      = {CoRR},
  volume       = {abs/2207.08963},
  year         = {2022}
}

@article{DBLP:journals/kbs/FarniaAC23,
  author       = {Luca Farnia and
                  Mia Alibegovic and
                  Edward Cruickshank},
  title        = {On causal structural learning algorithms: Oracles' simulations and
                  considerations},
  journal      = {Knowl. Based Syst.},
  volume       = {276},
  pages        = {110694},
  year         = {2023}
}

@inproceedings{DBLP:conf/iclr/LiLSH23,
  author       = {Yinchuan Li and
                  Shuang Luo and
                  Yunfeng Shao and
                  Jianye Hao},
  title        = {GFlowNets with Human Feedback},
  booktitle    = {Tiny Papers @ {(ICLR)}},
  publisher    = {OpenReview.net},
  year         = {2023}
}

--- BK papers

@article{DBLP:journals/ai/WangQZ23,
  author       = {Tian{-}Zuo Wang and
                  Tian Qin and
                  Zhi{-}Hua Zhou},
  title        = {Sound and complete causal identification with latent variables given
                  local background knowledge},
  journal      = {Artif. Intell.},
  volume       = {322},
  pages        = {103964},
  year         = {2023}
}


@inproceedings{DBLP:conf/nips/WangQZ22,
  author       = {Tian{-}Zuo Wang and
                  Tian Qin and
                  Zhi{-}Hua Zhou},
  title        = {Sound and Complete Causal Identification with Latent Variables Given
                  Local Background Knowledge},
  booktitle    = {Advances in Neural Information Processing Systems (NeurIPS)},
  year         = {2022}
}

@inproceedings{DBLP:conf/uai/Meek95,
  author       = {Christopher Meek},
  title        = {Causal inference and causal explanation with background knowledge},
  booktitle    = {Artificial Intelligence and Statistics (UAI)},
  year         = {1995}
}

@inproceedings{DBLP:conf/pgm/LiB18,
  author       = {Andrew C. Li and
                  Peter Beek},
  title        = {Bayesian Network Structure Learning with Side Constraints},
  booktitle    = {Probabilistic Graphical Models {(PGM)}},
  year         = {2018}
}

@inproceedings{10.5555/3157096.3157357,
author = {Chen, Eunice Yuh-Jie and Shen, Yujia and Choi, Arthur and Darwiche, Adnan},
title = {Learning Bayesian Networks with Ancestral Constraints},
year = {2016},
booktitle = {Advances in Neural Information Processing Systems (NeurIPS)},
}

@inproceedings{DBLP:conf/aistats/Andrews20,
  author       = {Bryan Andrews},
  title        = {On the Completeness of Causal Discovery in the Presence of Latent
                  Confounding with Tiered Background Knowledge},
  booktitle    = {Artificial Intelligence and Statistics (AISTATS)},
  year         = {2020}
}

@inproceedings{DBLP:conf/clear2/BrouillardTLLD22,
  author       = {Philippe Brouillard and
                  Perouz Taslakian and
                  Alexandre Lacoste and
                  S{\'{e}}bastien Lachapelle and
                  Alexandre Drouin},
  title        = {Typing assumptions improve identification in causal discovery},
  booktitle    = {Causal Learning and Reasoning (CLeaR)},
  year         = {2022}
}

@inproceedings{DBLP:conf/nips/ChenSCD16,
  author       = {Eunice Yuh{-}Jie Chen and
                  Yujia Shen and
                  Arthur Choi and
                  Adnan Darwiche},
  title        = {Learning Bayesian networks with ancestral constraints},
  booktitle    = {Advances in Neural Information Processing Systems (NeurIPS)},
  year         = {2016}
}

@article{DBLP:journals/ijar/ParviainenK17,
  author       = {Pekka Parviainen and
                  Samuel Kaski},
  title        = {Learning structures of Bayesian networks for variable groups},
  journal      = {Int. J. Approx. Reason.},
  volume       = {88},
  pages        = {110--127},
  year         = {2017}
}

%%% active learning

@article{DBLP:journals/ijar/HauserB14,
  author       = {Alain Hauser and
                  Peter B{\"{u}}hlmann},
  title        = {Two optimal strategies for active learning of causal models from interventional
                  data},
  journal      = {Int. J. Approx. Reason.},
  volume       = {55},
  number       = {4},
  pages        = {926--939},
  year         = {2014}
}


---
@inproceedings{claassen2022greedy,
  title={Greedy equivalence search in the presence of latent confounders},
  author={Claassen, Tom and Bucur, Ioan G},
  booktitle={Uncertainty in Artificial Intelligence},
  pages={443--452},
  year={2022},
  organization={PMLR}
}


@inproceedings{hyttinen2014constraint,
  title={Constraint-based Causal Discovery: Conflict Resolution with Answer Set Programming.},
  author={Hyttinen, Antti and Eberhardt, Frederick and J{\"a}rvisalo, Matti},
  booktitle={Uncertainty in Artificial Intelligence (UAI)},
  year={2014}
}

@inproceedings{lu2021improving,
  title={Improving causal discovery by optimal bayesian network learning},
  author={Lu, Ni Y and Zhang, Kun and Yuan, Changhe},
  booktitle={AAAI Conference on Artificial Intelligence (AAAI)},
  year={2021}
}

@inproceedings{DBLP:conf/uai/RantanenHJ21,
  author       = {Kari Rantanen and
                  Antti Hyttinen and
                  Matti J{\"{a}}rvisalo},
  title        = {Maximal ancestral graph structure learning via exact search},
  booktitle    = {Artificial Intelligence and Statistics (UAI)},
  year         = {2021}
}

@inproceedings{DBLP:conf/icml/ChenDG21,
  author       = {Rui Chen and
                  Sanjeeb Dash and
                  Tian Gao},
  title        = {Integer Programming for Causal Structure Learning in the Presence
                  of Latent Variables},
  booktitle    = {{ICML}},
  series       = {Proceedings of Machine Learning Research},
  volume       = {139},
  pages        = {1550--1560},
  publisher    = {{PMLR}},
  year         = {2021}
}

@article{drton2008binary,
  title={Binary models for marginal independence},
  author={Drton, Mathias and Richardson, Thomas S},
  journal={Journal of the Royal Statistical Society Series B: Statistical Methodology},
  year={2008},
}



@book{cartwright1989nature,
  title={Nature's Capacities and their Measurement},
  author={Cartwright, Nancy},
  year={1989},
  publisher={Clarendon Press}
}

@Book{pearl:2k,
  author =   "Pearl, Judea",
  title =    "Causality: Models, Reasoning, and Inference",
  year =     2000,
  publisher =    "Cambridge University Press",
  address =      "New York",
  note =     "2nd edition, 2009"
}

@inproceedings{jaber2022pagid,
author = {Jaber, Amin and Ribeiro, Adele and Zhang, Jiji and Bareinboim, Elias},
booktitle = {Advances in Neural Information Processing Systems (NeurIPS)},
title = {{Causal Identification under Markov equivalence: Calculus, Algorithm, and Completeness}},
year = {2022}
}

@inproceedings{DBLP:conf/pkdd/JabbariRSC17,
  author       = {Fattaneh Jabbari and
                  Joseph D. Ramsey and
                  Peter Spirtes and
                  Gregory F. Cooper},
  title        = {Discovery of Causal Models that Contain Latent Variables Through Bayesian Scoring of Independence Constraints},
  booktitle    = {{ECML/PKDD} {(2)}},
  series       = {Lecture Notes in Computer Science},
  volume       = {10535},
  pages        = {142--157},
  publisher    = {Springer},
  year         = {2017}
}



@article{ng2021reliable,
  title={Reliable causal discovery with improved exact search and weaker assumptions},
  author={Ng, Ignavier and Zheng, Yujia and Zhang, Jiji and Zhang, Kun},
  journal={Advances in Neural Information Processing Systems (NeurIPS)},
  year={2021}
}

@inproceedings{claassenMH13,
  author       = {Tom Claassen and
                  Joris M. Mooij and
                  Tom Heskes},
  title        = {Learning Sparse Causal Models is not NP-hard},
  booktitle    = {Uncertainty in Artificial
                  Intelligence (UAI)},
  year         = {2013}
}

@article{colombo2012rfci,
author = {Colombo, Diego and Maathuis, Marloes H and Kalisch, Markus and Richardson, Thomas S},
journal = {Annals of Statistics},
title = {{Learning high-dimensional directed acyclic graphs with latent and selection variables}},
year = {2012}
}

@inproceedings{DBLP:conf/iclr/XuHLJ19,
  author       = {Keyulu Xu and
                  Weihua Hu and
                  Jure Leskovec and
                  Stefanie Jegelka},
  title        = {How Powerful are Graph Neural Networks?},
  booktitle    = {International Conference on Learning Representations, {(ICLR)}},
  year         = {2019},
}

@article{JMLR:v10:drton09a,
  author  = {Mathias Drton and Michael Eichler and Thomas S. Richardson},
  title   = {Computing Maximum Likelihood Estimates in Recursive Linear Models with Correlated Errors},
  journal = {Journal of Machine Learning Research (JMLR)},
  year    = {2009},
}

@InProceedings{pmlr-v202-lahlou23a,
  title = 	 {A theory of continuous generative flow networks},
  author =       {Lahlou, Salem and Deleu, Tristan and Lemos, Pablo and Zhang, Dinghuai and Volokhova, Alexandra and Hern\'{a}ndez-Garc\'{\i}a, Alex and Ezzine, Lena Nehale and Bengio, Yoshua and Malkin, Nikolay},
  booktitle = 	 {Proceedings of the 40th International Conference on Machine Learning},
  pages = 	 {18269--18300},
  year = 	 {2023},
  volume = 	 {202},
  series = 	 {Proceedings of Machine Learning Research},
  month = 	 {23--29 Jul},
  publisher =    {PMLR}
}

@inproceedings{zhalama2017sat,
  author       = {Zhalama and
                  Jiji Zhang and
                  Frederick Eberhardt and
                  Wolfgang Mayer},
  title        = {SAT-Based Causal Discovery under Weaker Assumptions},
  booktitle    = {Artificial Intelligence and Statistics {(UAI)}},
  publisher    = {{AUAI} Press},
  year         = {2017}
}

@inproceedings{DBLP:conf/uai/Zhang07,
  author       = {Jiji Zhang},
  title        = {A Characterization of Markov Equivalence Classes for Directed Acyclic
                  Graphs with Latent Variables},
  booktitle    = {Artificial Intelligence and Statistics {(UAI)}},
  pages        = {450--457},
  publisher    = {{AUAI} Press},
  year         = {2007}
}



@inproceedings{deleu2022bayesian,
  title={Bayesian Structure Learning with Generative Flow Networks},
  author={Deleu, Tristan and G{\'o}is, Ant{\'o}nio and Emezue, Chris Chinenye and Rankawat, Mansi and Lacoste-Julien, Simon and Bauer, Stefan and Bengio, Yoshua},
  booktitle={Uncertainty in Artificial Intelligence (UAI)},
  year={2022}
}

@inproceedings{classen2012bccd,
author = {Claassen, Tom and Heskes, Tom},
title = {A Bayesian Approach to Constraint Based Causal Inference},
year = {2012},
booktitle = {Uncertainty in Artificial Intelligence (UAI)},
}

@incollection{silva2013mcmc,
  author       = {Ricardo Silva},
  title        = {A {MCMC} Approach for Learning the Structure of Gaussian Acyclic Directed
                  Mixed Graphs},
  booktitle    = {Statistical Models for Data Analysis},
  series       = {Studies in Classification, Data Analysis, and Knowledge Organization},
  pages        = {343--351},
  publisher    = {Springer},
  year         = {2013}
}

@article{bengio2021gflownet,
  title={{Flow Network based Generative Models for Non-Iterative Diverse Candidate Generation}},
  author={Bengio, Emmanuel and Jain, Moksh and Korablyov, Maksym and Precup, Doina and Bengio, Yoshua},
  journal={Advances in Neural Information Processing Systems (NeurIPS)},
  year={2021}
}

@article{parisi1992simulated,
  year = {1992},
  month = jul,
  volume = {19},
  number = {6},
  pages = {451--458},
  author = {E Marinari and G Parisi},
  title = {Simulated Tempering: A New Monte Carlo Scheme},
  journal = {Europhysics Letters ({EPL})}
}

@article{bengio2021gflownetfoundations,
  title={{GFlowNet Foundations}},
  author={Bengio, Yoshua and Deleu, Tristan and Hu, Edward J and Lahlou, Salem and Tiwari, Mo and Bengio, Emmanuel},
  journal={arXiv preprint},
  year={2021}
}

@article{tsirlis2018m3hc,
author = {Tsirlis, Konstantinos and Lagani, Vincenzo and Triantafillou, Sofia and Tsamardinos, Ioannis},
issn = {0888-613X},
journal = {International Journal of Approximate Reasoning},
pages = {74--85},
title = {{On scoring Maximal Ancestral Graphs with the Max–Min Hill Climbing algorithm}},
volume = {102},
year = {2018}
}



@inproceedings{bernstein2020ordering,
  title={Ordering-based causal structure learning in the presence of latent variables},
  author={Bernstein, Daniel and Saeed, Basil and Squires, Chandler and Uhler, Caroline},
  booktitle={Artificial Intelligence and Statistics (AISTATS)},
  year={2020}
}

@article{lorch2021dibs,
  title={{DiBS: Differentiable Bayesian Structure Learning}},
  author={Lorch, Lars and Rothfuss, Jonas and Sch{\"o}lkopf, Bernhard and Krause, Andreas},
  journal={Advances in Neural Information Processing Systems},
  year={2021}
}

@article{madigan1995structuremcmc,
  title={{Bayesian Graphical Models for Discrete Data}},
  author={Madigan, David and York, Jeremy and Allard, Denis},
  journal={International Statistical Review},
  year={1995}
}

@article{richardson2002ancestral,
  title={Ancestral graph Markov models},
  author={Richardson, Thomas and Spirtes, Peter},
  journal={Annals of Statistics},
  year={2002},
  publisher={Institute of Mathematical Statistics}
}

@inproceedings{bhattacharya2021differentiable,
  title={Differentiable causal discovery under unmeasured confounding},
  author={Bhattacharya, Rohit and Nagarajan, Tushar and Malinsky, Daniel and Shpitser, Ilya},
  booktitle={Artificial Intelligence and Statistics (AISTATS)},
  year={2021},
}

@article{chickering2002optimal,
  title={Optimal structure identification with greedy search},
  author={Chickering, David Maxwell},
  journal={Journal of Machine Learning Research (JMLR)},
  year={2002}
}

@phdthesis{meek1997graphical,
  title={Graphical Models: Selecting causal and statistical models},
  author={Meek, Christopher},
  year={1997}
}

@article{magliacane2016ancestral,
  title={Ancestral causal inference},
  author={Magliacane, Sara and Claassen, Tom and Mooij, Joris M},
  journal={Advances in Neural Information Processing Systems (NeurIPS)},
  year={2016}
}


@InProceedings{ogarrio2016gfci,
  title = 	 {A Hybrid Causal Search Algorithm for Latent Variable Models},
  author = 	 {Ogarrio, Juan Miguel and Spirtes, Peter and Ramsey, Joe},
  booktitle = 	 {Probabilistic Graphical Models (PGM)},
  year = 	 {2016},
}


@article{ramsey2015scaling,
  title={Scaling up greedy causal search for continuous variables},
  author={Ramsey, Joseph D},
  journal={arXiv preprint},
  year={2015}
}

@inproceedings{triantafillou2016score,
  title={Score-based vs Constraint-based Causal Learning in the Presence of Confounders},
  author={Triantafillou, Sofia and Tsamardinos, Ioannis},
  booktitle={Causation: Foundation to Application  Workshop (CFA)},
  pages={59--67},
  year={2016}
}


@InProceedings{bharti22human,
  title = 	 {Approximate {B}ayesian Computation with Domain Expert in the Loop},
  author =       {Bharti, Ayush and Filstroff, Louis and Kaski, Samuel},
  booktitle = 	 {International Conference on Machine Learning (ICML)},
  year = 	 {2022},
}

@article{Hinton2002,
  year = {2002},
  author = {Geoffrey E. Hinton},
  title = {Training Products of Experts by Minimizing Contrastive Divergence},
  journal = {Neural Computation}
}

@ARTICLE{gordon1993novel,
  author={Gordon, Neil J and Salmond, David J and Smith, Adrian FM},
   title = {Novel approach to nonlinear/non-Gaussian Bayesian state estimation},
   journal = {IEE Proceedings F (Radar and Signal Processing)},
   year = {1993},
}

@book{marshall1954use,
  title={The use of multi-stage sampling schemes in Monte Carlo computations},
  author={Marshall, Andrew W},
  year={1954},
  publisher={Rand Corporation}
}

@article{malkin2022trajectory,
  title={Trajectory balance: Improved credit assignment in gflownets},
  author={Malkin, Nikolay and Jain, Moksh and Bengio, Emmanuel and Sun, Chen and Bengio, Yoshua},
  journal={Advances in Neural Information Processing Systems (NeurIPS)},
  volume={35},
  pages={5955--5967},
  year={2022}
}

@article{shen2023towards,
  title={Towards Understanding and Improving GFlowNet Training},
  author={Shen, Max W and Bengio, Emmanuel and Hajiramezanali, Ehsan and Loukas, Andreas and Cho, Kyunghyun and Biancalani, Tommaso},
  journal={arXiv preprint arXiv:2305.07170},
  year={2023}
}

@inproceedings{lahlou2023continuous,
  title={A theory of continuous generative flow networks},
  author={Lahlou, Salem and Deleu, Tristan and Lemos, Pablo and Zhang, Dinghuai and Volokhova, Alexandra and Hern{\'a}ndez-Garc{\i}a, Alex and Ezzine, L{\'e}na N{\'e}hale and Bengio, Yoshua and Malkin, Nikolay},
  booktitle={International Conference on Machine Learning},
  pages={18269--18300},
  year={2023},
  organization={PMLR}
}

@article{deleu2023joint,
  title={Joint Bayesian Inference of Graphical Structure and Parameters with a Single Generative Flow Network},
  author={Deleu, Tristan and Nishikawa-Toomey, Mizu and Subramanian, Jithendaraa and Malkin, Nikolay and Charlin, Laurent and Bengio, Yoshua},
  journal={arXiv preprint arXiv:2305.19366},
  year={2023}
}


@InProceedings{ma13partition,
  title = 	 {Estimating the Partition Function of Graphical Models  Using Langevin Importance Sampling  },
  author = 	 {Ma, Jianzhu and Peng, Jian and Wang, Sheng and Xu, Jinbo},
  booktitle = 	 {Proceedings of the Sixteenth International Conference on Artificial Intelligence and Statistics},
  year = 	 {2013},
}

@article{ryan15bayesian,
  year = {2015},
  volume = {84},
  number = {1},
  pages = {128--154},
  author = {Elizabeth G. Ryan and Christopher C. Drovandi and James M. McGree and Anthony N. Pettitt},
  title = {A Review of Modern Computational Algorithms for Bayesian Optimal Design},
  journal = {International Statistical Review}
}

@inproceedings{zhang2022energy,
  title={Generative flow networks for discrete probabilistic modeling},
  author={Zhang, Dinghuai and Malkin, Nikolay and Liu, Zhen and Volokhova, Alexandra and Courville, Aaron and Bengio, Yoshua},
  booktitle={International Conference on Machine Learning},
  pages={26412--26428},
  year={2022},
  organization={PMLR}
}