@STRING{cvpr = "Proceedings of the IEEE/CVF Conference on Computer Vision and Pattern Recognition (CVPR)"}
@STRING{eccv = "Proceedings of the European Conference on Computer Vision (ECCV)"}
@STRING{iccv = "Proceedings of the IEEE/CVF International Conference on Computer Vision (ICCV)"}
@STRING{wacv = "Proceedings of the IEEE/CVF Winter Conference on Applications of Computer Vision (WACV)"}
@STRING{neurips = "Advances in Neural Information Processing Systems (NeurIPS)"}
@STRING{iclr = "International Conference on Learning Representations (ICLR)"}
@STRING{icml = "International Conference on Machine Learning (ICML)"}
@STRING{tog = "ACM Trans. Graph."}

@inproceedings{ronneberger2015u,
  title={U-net: Convolutional networks for biomedical image segmentation},
  author={Ronneberger, Olaf and Fischer, Philipp and Brox, Thomas},
  booktitle={Medical Image Computing and Computer-Assisted Intervention (MICCAI)},
  pages={234--241},
  year={2015}
}

@inproceedings{song2020sliced,
  title={Sliced score matching: A scalable approach to density and score estimation},
  author={Song, Yang and Garg, Sahaj and Shi, Jiaxin and Ermon, Stefano},
  booktitle={Uncertainty in Artificial Intelligence},
  pages={574--584},
  year={2020},
  organization={PMLR}
}

@article{salman2023raisingcostmaliciousaipowered,
      title={Raising the Cost of Malicious AI-Powered Image Editing}, 
      author={Hadi Salman and Alaa Khaddaj and Guillaume Leclerc and Andrew Ilyas and Aleksander Madry},
      year={2023},
      journal={arXiv preprint arXiv:2302.06588},
}

@article{liang2023adversarialexampledoesgood,
      title={Adversarial Example Does Good: Preventing Painting Imitation from Diffusion Models via Adversarial Examples}, 
      author={Chumeng Liang and Xiaoyu Wu and Yang Hua and Jiaru Zhang and Yiming Xue and Tao Song and Zhengui Xue and Ruhui Ma and Haibing Guan},
      year={2023},
      journal={arXiv preprint arXiv:2302.04578},
}



@article{liang2023mistimprovedadversarialexamples,
      title={Mist: Towards Improved Adversarial Examples for Diffusion Models}, 
      author={Chumeng Liang and Xiaoyu Wu},
      year={2023},
      journal={arXiv preprint arXiv:2305.12683},
}

@article{shan2023glazeprotectingartistsstyle,
      title={Glaze: Protecting Artists from Style Mimicry by Text-to-Image Models}, 
      author={Shawn Shan and Jenna Cryan and Emily Wenger and Haitao Zheng and Rana Hanocka and Ben Y. Zhao},
      year={2023},
      journal={arXiv preprint arXiv:2302.04222},
}


@article{xue2024effectiveprotectiondiffusionbased,
      title={Toward effective protection against diffusion based mimicry through score distillation}, 
      author={Haotian Xue and Chumeng Liang and Xiaoyu Wu and Yongxin Chen},
      year={2024},
      journal={arXiv preprint arXiv:2311.12832},
}

@article{shan2024nightshadepromptspecificpoisoningattacks,
      title={Nightshade: Prompt-Specific Poisoning Attacks on Text-to-Image Generative Models}, 
      author={Shawn Shan and Wenxin Ding and Josephine Passananti and Stanley Wu and Haitao Zheng and Ben Y. Zhao},
      year={2024},
      journal={arXiv preprint arXiv:2310.13828},
}


@inproceedings{lo2024distraction,
  title={Distraction is All You Need: Memory-Efficient Image Immunization against Diffusion-Based Image Editing},
  author={Lo, Ling and Yeo, Cheng Yu and Shuai, Hong-Han and Cheng, Wen-Huang},
  booktitle=cvpr,
  pages={24462--24471},
  year={2024}
}


@article{xue2024pixelbarrierdiffusionmodels,
      title={Pixel is a Barrier: Diffusion Models Are More Adversarially Robust Than We Think}, 
      author={Haotian Xue and Yongxin Chen},
      year={2024}, 
      journal={arXiv preprint arXiv:2404.13320},
}

@inproceedings{goodfellow2014generative,
  title={Generative adversarial nets},
  author={Goodfellow, Ian and Pouget-Abadie, Jean and Mirza, Mehdi and Xu, Bing and Warde-Farley, David and Ozair, Sherjil and Courville, Aaron and Bengio, Yoshua},
  booktitle=neurips,
  volume={27},
  year={2014}
}

@inproceedings{laidlaw2021perceptual,
  title={Perceptual Adversarial Robustness: Defense Against Unseen Threat Models},
  author={Laidlaw, Cassidy and Singla, Sahil and Feizi, Soheil},
  booktitle=iclr,
  year={2021}
}

@article{song2021scorebasedgenerativemodelingstochastic,
      title={Score-Based Generative Modeling through Stochastic Differential Equations}, 
      author={Yang Song and Jascha Sohl-Dickstein and Diederik P. Kingma and Abhishek Kumar and Stefano Ermon and Ben Poole},
      year={2021},
      journal={arXiv preprint arXiv:2011.13456},
}

@inproceedings{ho2020denoising,
  title={Denoising diffusion probabilistic models},
  author={Ho, Jonathan and Jain, Ajay and Abbeel, Pieter},
  booktitle=neurips,
  volume={33},
  pages={6840--685},
  pages={234--241},
  year={2020}
}

@inproceedings{song2021denoisingdiffusionimplicitmodels,
      title={Denoising diffusion implicit models}, 
      author={Jiaming Song and Chenlin Meng and Stefano Ermon},
      year={2021},
      booktitle=iclr
}

@article{efron2011tweedie,
  title={Tweedieâ€™s formula and selection bias},
  author={Efron, Bradley},
  journal={Journal of the American Statistical Association},
  volume={106},
  number={496},
  pages={1602--1614},
  year={2011},
  publisher={Taylor \& Francis}
}

@article{luo2022understandingdiffusionmodelsunified,
      title={Understanding Diffusion Models: A Unified Perspective}, 
      author={Calvin Luo},
      year={2022},
      journal={arXiv preprint arXiv:2208.11970},
}

@inproceedings{zhang2018unreasonable,
  title={The unreasonable effectiveness of deep features as a perceptual metric},
  author={Zhang, Richard and Isola, Phillip and Efros, Alexei A and Shechtman, Eli and Wang, Oliver},
  booktitle=cvpr,
  pages={586--595},
  year={2018}
}

@article{poole2022dreamfusiontextto3dusing2d,
      title={DreamFusion: Text-to-3D using 2D Diffusion}, 
      author={Ben Poole and Ajay Jain and Jonathan T. Barron and Ben Mildenhall},
      year={2022},
      journal={arXiv preprint arXiv:2209.14988},
}

@article{lin2024diffusionmodelperceptualloss,
      title={Diffusion Model with Perceptual Loss}, 
      author={Shanchuan Lin and Xiao Yang},
      year={2024},
      journal={arXiv preprint arXiv:2401.00110},
}


@article{li2023fasterdiffusionrethinkingrole,
      title={Faster Diffusion: Rethinking the Role of UNet Encoder in Diffusion Models}, 
      author={Senmao Li and Taihang Hu and Fahad Shahbaz Khan and Linxuan Li and Shiqi Yang and Yaxing Wang and Ming-Ming Cheng and Jian Yang},
      year={2023},
      journal={arXiv preprint arXiv:2312.09608},
}


@inproceedings{arjovsky2017wasserstein,
  title={Wasserstein generative adversarial networks},
  author={Arjovsky, Martin and Chintala, Soumith and Bottou, L{\'e}on},
  booktitle=icml,
  pages={214--223},
  year={2017},
}


@article{nie2022diffusionmodelsadversarialpurification,
      title={Diffusion Models for Adversarial Purification}, 
      author={Weili Nie and Brandon Guo and Yujia Huang and Chaowei Xiao and Arash Vahdat and Anima Anandkumar},
      year={2022},
      eprint={2205.07460},
      archivePrefix={arXiv},
      primaryClass={cs.LG},
      url={https://arxiv.org/abs/2205.07460}, 
      journal={arXiv preprint arXiv:2312.09608},
}

@inproceedings{
he2024manifold,
title={Manifold Preserving Guided Diffusion},
author={Yutong He and Naoki Murata and Chieh-Hsin Lai and Yuhta Takida and Toshimitsu Uesaka and Dongjun Kim and Wei-Hsiang Liao and Yuki Mitsufuji and J Zico Kolter and Ruslan Salakhutdinov and Stefano Ermon},
booktitle=iclr,
year={2024}
}

@article{gal2022image,
  title={An image is worth one word: Personalizing text-to-image generation using textual inversion},
  author={Gal, Rinon and Alaluf, Yuval and Atzmon, Yuval and Patashnik, Or and Bermano, Amit H and Chechik, Gal and Cohen-Or, Daniel},
  journal={arXiv preprint arXiv:2208.01618},
  year={2022}
}

@article{meng2021sdedit,
  title={Sdedit: Guided image synthesis and editing with stochastic differential equations},
  author={Meng, Chenlin and He, Yutong and Song, Yang and Song, Jiaming and Wu, Jiajun and Zhu, Jun-Yan and Ermon, Stefano},
  journal={arXiv preprint arXiv:2108.01073},
  year={2021}
}

@inproceedings{wang2023stylediffusion,
  title={Stylediffusion: Controllable disentangled style transfer via diffusion models},
  author={Wang, Zhizhong and Zhao, Lei and Xing, Wei},
  booktitle=iccv,
  pages={7677--7689},
  year={2023}
}

@inproceedings{zhang2023inversion,
  title={Inversion-based style transfer with diffusion models},
  author={Zhang, Yuxin and Huang, Nisha and Tang, Fan and Huang, Haibin and Ma, Chongyang and Dong, Weiming and Xu, Changsheng},
  booktitle=cvpr,
  pages={10146--10156},
  year={2023}
}

@inproceedings{dhariwal2021diffusion,
  title={Diffusion models beat gans on image synthesis},
  author={Dhariwal, Prafulla and Nichol, Alexander},
  booktitle=neurips,
  volume={34},
  pages={8780--8794},
  year={2021}
}

@inproceedings{rombach2022high,
  title={High-resolution image synthesis with latent diffusion models},
  author={Rombach, Robin and Blattmann, Andreas and Lorenz, Dominik and Esser, Patrick and Ommer, Bj{\"o}rn},
  booktitle=cvpr,
  pages={10684--10695},
  year={2022}
}

@inproceedings{xue2023toward,
  title={Toward effective protection against diffusion-based mimicry through score distillation},
  author={Xue, Haotian and Liang, Chumeng and Wu, Xiaoyu and Chen, Yongxin},
  booktitle=iclr,
  year={2023}
}

@inproceedings{xue2024diffusion,
  title={Diffusion-based adversarial sample generation for improved stealthiness and controllability},
  author={Xue, Haotian and Araujo, Alexandre and Hu, Bin and Chen, Yongxin},
  booktitle=neurips,
  volume={36},
  year={2024}
}

@article{sandoval2023jpeg,
  title={JPEG compressed images can bypass protections against ai editing},
  author={Sandoval-Segura, Pedro and Geiping, Jonas and Goldstein, Tom},
  journal={arXiv preprint arXiv:2304.02234},
  year={2023}
}

@article{wang2004image,
  title={Image quality assessment: from error visibility to structural similarity},
  author={Wang, Zhou and Bovik, Alan C and Sheikh, Hamid R and Simoncelli, Eero P},
  journal={IEEE Transactions on Image Processing},
  volume={13},
  number={4},
  pages={600--612},
  year={2004},
  publisher={IEEE}
}


@inproceedings{kumari2023multi,
  title={Multi-concept customization of text-to-image diffusion},
  author={Kumari, Nupur and Zhang, Bingliang and Zhang, Richard and Shechtman, Eli and Zhu, Jun-Yan},
  booktitle=cvpr,
  pages={1931--1941},
  year={2023}
}


@inproceedings{radford2021learning,
  title={Learning transferable visual models from natural language supervision},
  author={Radford, Alec and Kim, Jong Wook and Hallacy, Chris and Ramesh, Aditya and Goh, Gabriel and Agarwal, Sandhini and Sastry, Girish and Askell, Amanda and Mishkin, Pamela and Clark, Jack and others},
  booktitle=icml,
  pages={8748--8763},
  year={2021},
}

@inproceedings{
poole2023dreamfusion,
title={DreamFusion: Text-to-3D using 2D Diffusion},
author={Ben Poole and Ajay Jain and Jonathan T. Barron and Ben Mildenhall},
booktitle=iclr,
year={2023},
}

@article{liu2023instruct2attack,
  title={Instruct2Attack: Language-Guided Semantic Adversarial Attacks},
  author={Liu, Jiang and Wei, Chen and Guo, Yuxiang and Yu, Heng and Yuille, Alan and Feizi, Soheil and Lau, Chun Pong and Chellappa, Rama},
  journal={arXiv preprint arXiv:2311.15551},
  year={2023}
}

@inproceedings{ian2015fgsm,
    title={Explaining and Harnessing Adversarial Examples},
    author={Ian Goodfellow and Jonathon Shlens and Christian Szegedy},
    year={2015},
    URL={http://arxiv.org/abs/1412.6572},
booktitle=iclr}

@inproceedings{madry2018towards,
  title={Towards deep learning models resistant to adversarial attacks},
  author={Madry, Aleksander and Makelov, Aleksandar and Schmidt, Ludwig and Tsipras, Dimitris and Vladu, Adrian},
  booktitle=iclr,
  year={2018}
}


@misc{tsaban2023leditsrealimageediting,
      title={LEDITS: Real Image Editing with DDPM Inversion and Semantic Guidance}, 
      author={Linoy Tsaban and ApolinÃ¡rio Passos},
      year={2023},
      eprint={2307.00522},
      archivePrefix={arXiv},
      primaryClass={cs.CV},
      url={https://arxiv.org/abs/2307.00522}, 
}

@InProceedings{Zhang_2023_CVPR,
    author    = {Zhang, Yuxin and Huang, Nisha and Tang, Fan and Huang, Haibin and Ma, Chongyang and Dong, Weiming and Xu, Changsheng},
    title     = {Inversion-Based Style Transfer With Diffusion Models},
    booktitle = {Proceedings of the IEEE/CVF Conference on Computer Vision and Pattern Recognition (CVPR)},
    month     = {June},
    year      = {2023},
    pages     = {10146-10156}
}

@article{Simonyan2014VeryDC,
  title={Very Deep Convolutional Networks for Large-Scale Image Recognition},
  author={Karen Simonyan and Andrew Zisserman},
  journal={CoRR},
  year={2014},
}

@article{chen2018optimal,
  title={Optimal transport for Gaussian mixture models},
  author={Chen, Yongxin and Georgiou, Tryphon T and Tannenbaum, Allen},
  journal={IEEE Access},
  volume={7},
  pages={6269--6278},
  year={2018},
  publisher={IEEE}
}

@article{dowson1982frechet,
  title={The Fr{\'e}chet distance between multivariate normal distributions},
  author={Dowson, DC and Landau, BV666017},
  journal={Journal of multivariate analysis},
  volume={12},
  number={3},
  pages={450--455},
  year={1982},
  publisher={Elsevier}
}

@article{olkin1982distance,
  title={The distance between two random vectors with given dispersion matrices},
  author={Olkin, Ingram and Pukelsheim, Friedrich},
  journal={Linear Algebra and its Applications},
  volume={48},
  pages={257--263},
  year={1982},
  publisher={Elsevier}
}



@inproceedings{kingma2014autoencoding,
  author = {Kingma, Diederik P. and Welling, Max},
  booktitle = iclr,
  title = {Auto-Encoding Variational Bayes.},
  year = {2014}
}
