
# Image models
@article{saharia2022photorealistic,
  title={Photorealistic text-to-image diffusion models with deep language understanding},
  author={Saharia, Chitwan and Chan, William and Saxena, Saurabh and Li, Lala and Whang, Jay and Denton, Emily L and Ghasemipour, Kamyar and Gontijo Lopes, Raphael and Karagol Ayan, Burcu and Salimans, Tim and others},
  journal={Advances in Neural Information Processing Systems},
  volume={35},
  pages={36479--36494},
  year={2022}
}

@inproceedings{rombach2022high,
  title={High-resolution image synthesis with latent diffusion models},
  author={Rombach, Robin and Blattmann, Andreas and Lorenz, Dominik and Esser, Patrick and Ommer, Bj{\"o}rn},
  booktitle={Proceedings of the IEEE/CVF conference on computer vision and pattern recognition},
  pages={10684--10695},
  year={2022}
}

@article{yu2022scaling,
  title={Scaling autoregressive models for content-rich text-to-image generation},
  author={Yu, Jiahui and Xu, Yuanzhong and Koh, Jing Yu and Luong, Thang and Baid, Gunjan and Wang, Zirui and Vasudevan, Vijay and Ku, Alexander and Yang, Yinfei and Ayan, Burcu Karagol and others},
  journal={arXiv preprint arXiv:2206.10789},
  year={2022}
}

@inproceedings{SalimansH22,
  author       = {Tim Salimans and
                  Jonathan Ho},
  title        = {Progressive Distillation for Fast Sampling of Diffusion Models},
  booktitle    = {The Tenth International Conference on Learning Representations, {ICLR}
                  2022, Virtual Event, April 25-29, 2022},
  publisher    = {OpenReview.net},
  year         = {2022},
  url          = {https://openreview.net/forum?id=TIdIXIpzhoI},
  timestamp    = {Sat, 20 Aug 2022 01:15:42 +0200},
  biburl       = {https://dblp.org/rec/conf/iclr/SalimansH22.bib},
  bibsource    = {dblp computer science bibliography, https://dblp.org}
}

@article{ho2021cascaded,
  title={Cascaded Diffusion Models for High Fidelity Image Generation},
  author={Ho, Jonathan and Saharia, Chitwan and Chan, William and Fleet, David J and Norouzi, Mohammad and Salimans, Tim},
  journal={arXiv preprint arXiv:2106.15282},
  year={2021}
}

@article{ramesh2022hierarchical,
  title={Hierarchical text-conditional image generation with clip latents},
  author={Ramesh, Aditya and Dhariwal, Prafulla and Nichol, Alex and Chu, Casey and Chen, Mark},
  journal={arXiv preprint arXiv:2204.06125},
  year={2022}
}

@article{podell2023sdxl,
  title={Sdxl: Improving latent diffusion models for high-resolution image synthesis},
  author={Podell, Dustin and English, Zion and Lacey, Kyle and Blattmann, Andreas and Dockhorn, Tim and M{\"u}ller, Jonas and Penna, Joe and Rombach, Robin},
  journal={arXiv preprint arXiv:2307.01952},
  year={2023}
}

@article{sauer2024fast,
  title={Fast High-Resolution Image Synthesis with Latent Adversarial Diffusion Distillation},
  author={Sauer, Axel and Boesel, Frederic and Dockhorn, Tim and Blattmann, Andreas and Esser, Patrick and Rombach, Robin},
  journal={arXiv preprint arXiv:2403.12015},
  year={2024}
}

@inproceedings{yin2024onestep,
      title={One-step Diffusion with Distribution Matching Distillation},
      author={Yin, Tianwei and Gharbi, Micha{\"e}l and Zhang, Richard and Shechtman, Eli and Durand, Fr{\'e}do and Freeman, William T and Park, Taesung},
      booktitle={CVPR},
      year={2024}
    }
  

@misc{ho2022classifierfreediffusionguidance,
      title={Classifier-Free Diffusion Guidance}, 
      author={Jonathan Ho and Tim Salimans},
      year={2022},
      eprint={2207.12598},
      archivePrefix={arXiv},
      primaryClass={cs.LG},
      url={https://arxiv.org/abs/2207.12598}, 
}

# Video models
@article{Ho2022ImagenVH,
  title={Imagen Video: High Definition Video Generation with Diffusion Models},
  author={Jonathan Ho and William Chan and Chitwan Saharia and Jay Whang and Ruiqi Gao and Alexey A. Gritsenko and Diederik P. Kingma and Ben Poole and Mohammad Norouzi and David J. Fleet and Tim Salimans},
  journal={ArXiv},
  year={2022},
  volume={abs/2210.02303},
  url={https://api.semanticscholar.org/CorpusID:252715883}
}

@misc{blattmann2023alignlatentshighresolutionvideo,
      title={Align your Latents: High-Resolution Video Synthesis with Latent Diffusion Models}, 
      author={Andreas Blattmann and Robin Rombach and Huan Ling and Tim Dockhorn and Seung Wook Kim and Sanja Fidler and Karsten Kreis},
      year={2023},
      eprint={2304.08818},
      archivePrefix={arXiv},
      primaryClass={cs.CV},
      url={https://arxiv.org/abs/2304.08818}, 
}

@misc{blattmann2023stablevideodiffusionscaling,
      title={Stable Video Diffusion: Scaling Latent Video Diffusion Models to Large Datasets}, 
      author={Andreas Blattmann and Tim Dockhorn and Sumith Kulal and Daniel Mendelevitch and Maciej Kilian and Dominik Lorenz and Yam Levi and Zion English and Vikram Voleti and Adam Letts and Varun Jampani and Robin Rombach},
      year={2023},
      eprint={2311.15127},
      archivePrefix={arXiv},
      primaryClass={cs.CV},
      url={https://arxiv.org/abs/2311.15127}, 
}

@misc{gupta2023photorealisticvideogenerationdiffusion,
      title={Photorealistic Video Generation with Diffusion Models}, 
      author={Agrim Gupta and Lijun Yu and Kihyuk Sohn and Xiuye Gu and Meera Hahn and Li Fei-Fei and Irfan Essa and Lu Jiang and José Lezama},
      year={2023},
      eprint={2312.06662},
      archivePrefix={arXiv},
      primaryClass={cs.CV},
      url={https://arxiv.org/abs/2312.06662}, 
}

@misc{girdhar2023emuvideofactorizingtexttovideo,
      title={Emu Video: Factorizing Text-to-Video Generation by Explicit Image Conditioning}, 
      author={Rohit Girdhar and Mannat Singh and Andrew Brown and Quentin Duval and Samaneh Azadi and Sai Saketh Rambhatla and Akbar Shah and Xi Yin and Devi Parikh and Ishan Misra},
      year={2023},
      eprint={2311.10709},
      archivePrefix={arXiv},
      primaryClass={cs.CV},
      url={https://arxiv.org/abs/2311.10709}, 
}

@misc{bartal2024lumierespacetimediffusionmodel,
      title={Lumiere: A Space-Time Diffusion Model for Video Generation}, 
      author={Omer Bar-Tal and Hila Chefer and Omer Tov and Charles Herrmann and Roni Paiss and Shiran Zada and Ariel Ephrat and Junhwa Hur and Guanghui Liu and Amit Raj and Yuanzhen Li and Michael Rubinstein and Tomer Michaeli and Oliver Wang and Deqing Sun and Tali Dekel and Inbar Mosseri},
      year={2024},
      eprint={2401.12945},
      archivePrefix={arXiv},
      primaryClass={cs.CV},
      url={https://arxiv.org/abs/2401.12945}, 
}

# Various components we used.
@inproceedings{Kingma2014,
  added-at = {2020-10-15T14:36:56.000+0200},
  author = {Kingma, Diederik P. and Welling, Max},
  biburl = {https://www.bibsonomy.org/bibtex/242e5be6faa01cba2587f4907ac99dce8/annakrause},
  booktitle = {2nd International Conference on Learning Representations, {ICLR} 2014, Banff, AB, Canada, April 14-16, 2014, Conference Track Proceedings},
  eprint = {http://arxiv.org/abs/1312.6114v10},
  eprintclass = {stat.ML},
  eprinttype = {arXiv},
  file = {:http\://arxiv.org/pdf/1312.6114v10:PDF;:KingmaWelling_Auto-EncodingVariationalBayes.pdf:PDF},
  interhash = {a626a9d77a123c52405a08da983203cb},
  intrahash = {42e5be6faa01cba2587f4907ac99dce8},
  keywords = {cs.LG stat.ML vae},
  timestamp = {2021-02-01T17:13:18.000+0100},
  title = {{Auto-Encoding Variational Bayes}},
  year = 2014
}

@misc{oquab2024dinov2learningrobustvisual,
      title={DINOv2: Learning Robust Visual Features without Supervision}, 
      author={Maxime Oquab and Timothée Darcet and Théo Moutakanni and Huy Vo and Marc Szafraniec and Vasil Khalidov and Pierre Fernandez and Daniel Haziza and Francisco Massa and Alaaeldin El-Nouby and Mahmoud Assran and Nicolas Ballas and Wojciech Galuba and Russell Howes and Po-Yao Huang and Shang-Wen Li and Ishan Misra and Michael Rabbat and Vasu Sharma and Gabriel Synnaeve and Hu Xu and Hervé Jegou and Julien Mairal and Patrick Labatut and Armand Joulin and Piotr Bojanowski},
      year={2024},
      eprint={2304.07193},
      archivePrefix={arXiv},
      primaryClass={cs.CV},
      url={https://arxiv.org/abs/2304.07193}, 
}

@article{Wydmuch2019ViZdoom,
  author  = {Marek Wydmuch and Micha{\l} Kempka and Wojciech Ja\'skowski},
  title   = {{ViZDoom} {C}ompetitions: {P}laying {D}oom from {P}ixels},
  journal = {IEEE Transactions on Games},
  year    = {2019},
  volume  = {11},
  number  = {3},
  pages   = {248--259},
  doi     = {10.1109/TG.2018.2877047},
  note    = {The 2022 IEEE Transactions on Games Outstanding Paper Award}
}


@article{song2020denoising,
  title={Denoising Diffusion Implicit Models},
  author={Song, Jiaming and Meng, Chenlin and Ermon, Stefano},
  journal={arXiv:2010.02502},
  year={2020},
  month={October},
  abbr={Preprint},
  url={https://arxiv.org/abs/2010.02502}
}


@article{Shazeer2018adafactor,
  author       = {Noam Shazeer and
                  Mitchell Stern},
  title        = {Adafactor: Adaptive Learning Rates with Sublinear Memory Cost},
  journal      = {CoRR},
  volume       = {abs/1804.04235},
  year         = {2018},
  url          = {http://arxiv.org/abs/1804.04235},
  eprinttype    = {arXiv},
  eprint       = {1804.04235},
  timestamp    = {Mon, 13 Aug 2018 16:48:15 +0200},
  biburl       = {https://dblp.org/rec/journals/corr/abs-1804-04235.bib},
  bibsource    = {dblp computer science bibliography, https://dblp.org}
}

@inproceedings{zhang2018perceptual,
  title={The Unreasonable Effectiveness of Deep Features as a Perceptual Metric},
  author={Zhang, Richard and Isola, Phillip and Efros, Alexei A and Shechtman, Eli and Wang, Oliver},
  booktitle={CVPR},
  year={2018}
}

@article{SchulmanWDRK17ppo,
  author       = {John Schulman and
                  Filip Wolski and
                  Prafulla Dhariwal and
                  Alec Radford and
                  Oleg Klimov},
  title        = {Proximal Policy Optimization Algorithms},
  journal      = {CoRR},
  volume       = {abs/1707.06347},
  year         = {2017},
  url          = {http://arxiv.org/abs/1707.06347},
  eprinttype    = {arXiv},
}

@article{Mnih2015HumanlevelCT,
  title={Human-level control through deep reinforcement learning},
  author={Volodymyr Mnih and Koray Kavukcuoglu and David Silver and Andrei A. Rusu and Joel Veness and Marc G. Bellemare and Alex Graves and Martin A. Riedmiller and Andreas Kirkeby Fidjeland and Georg Ostrovski and Stig Petersen and Charlie Beattie and Amir Sadik and Ioannis Antonoglou and Helen King and Dharshan Kumaran and Daan Wierstra and Shane Legg and Demis Hassabis},
  journal={Nature},
  year={2015},
  volume={518},
  pages={529-533},
  url={https://api.semanticscholar.org/CorpusID:205242740}
}

@inproceedings{UnterthinerSKMM19FVD,
  author       = {Thomas Unterthiner and
                  Sjoerd van Steenkiste and
                  Karol Kurach and
                  Rapha{\"{e}}l Marinier and
                  Marcin Michalski and
                  Sylvain Gelly},
  title        = {{FVD:} {A} new Metric for Video Generation},
  booktitle    = {Deep Generative Models for Highly Structured Data, {ICLR} 2019 Workshop,
                  New Orleans, Louisiana, United States, May 6, 2019},
  year         = {2019},
  timestamp    = {Thu, 25 Jul 2019 16:26:32 +0200},
}

# World models
@article{yang2023learning,
    title={Learning Interactive Real-World Simulators},
    author={Yang, Mengjiao and Du, Yilun and Ghasemipour, Kamyar and Tompson, Jonathan and Schuurmans, Dale and Abbeel, Pieter},
    journal={arXiv preprint arXiv:2310.06114},
    year={2023}
}

@inproceedings{Kim2020_GameGan,
author = {Seung Wook Kim and Yuhao Zhou and Jonah Philion and Antonio Torralba and Sanja Fidler},
title = {{Learning to Simulate Dynamic Environments with GameGAN}},
year = {2020},
booktitle = {IEEE Conference on Computer Vision and Pattern Recognition (CVPR)},
month = {Jun.},
doi = {}
}

@misc{alonso2024diffusion,
      title={Diffusion for World Modeling: Visual Details Matter in Atari},
      author={Eloi Alonso and Adam Jelley and Vincent Micheli and Anssi Kanervisto and Amos Storkey and Tim Pearce and François Fleuret},
      year={2024},
      eprint={2405.12399},
      archivePrefix={arXiv},
      primaryClass={cs.LG}
}

@misc{bruce2024genie,
      title={Genie: Generative Interactive Environments}, 
      author={Jake Bruce and Michael Dennis and Ashley Edwards and Jack Parker-Holder and Yuge Shi and Edward Hughes and Matthew Lai and Aditi Mavalankar and Richie Steigerwald and Chris Apps and Yusuf Aytar and Sarah Bechtle and Feryal Behbahani and Stephanie Chan and Nicolas Heess and Lucy Gonzalez and Simon Osindero and Sherjil Ozair and Scott Reed and Jingwei Zhang and Konrad Zolna and Jeff Clune and Nando de Freitas and Satinder Singh and Tim Rocktäschel},
      year={2024},
      eprint={2402.15391},
      archivePrefix={arXiv},
      primaryClass={cs.LG},
      url={https://arxiv.org/abs/2402.15391}, 
}

@misc{hafner2020dreamer,
      title={Dream to Control: Learning Behaviors by Latent Imagination}, 
      author={Danijar Hafner and Timothy Lillicrap and Jimmy Ba and Mohammad Norouzi},
      year={2020},
      eprint={1912.01603},
      archivePrefix={arXiv},
      primaryClass={cs.LG},
      url={https://arxiv.org/abs/1912.01603}, 
}

# 3D Rendering

@book{realtimerendering,
author = {Akenine-Mller, Tomas and Haines, Eric and Hoffman, Naty},
title = {Real-Time Rendering, Fourth Edition},
year = {2018},
isbn = {0134997832},
publisher = {A. K. Peters, Ltd.},
address = {USA},
edition = {4th},
}

@book{shirley2008realistic,
  title={Realistic Ray Tracing, Second Edition},
  author={Shirley, P. and Morley, R.K.},
  isbn={9781568814612},
  lccn={2003051411},
  url={https://books.google.ch/books?id=knpN6mnhJ8QC},
  year={2008},
  publisher={Taylor \& Francis}
}


# NeRFs, Gaussian Splatting

@inproceedings{mildenhall2020nerf,
 title={NeRF: Representing Scenes as Neural Radiance Fields for View Synthesis},
 author={Ben Mildenhall and Pratul P. Srinivasan and Matthew Tancik and Jonathan T. Barron and Ravi Ramamoorthi and Ren Ng},
 year={2020},
 booktitle={ECCV},
}

@Article{kerbl3Dgaussians,
      author       = {Kerbl, Bernhard and Kopanas, Georgios and Leimk{\"u}hler, Thomas and Drettakis, George},
      title        = {3D Gaussian Splatting for Real-Time Radiance Field Rendering},
      journal      = {ACM Transactions on Graphics},
      number       = {4},
      volume       = {42},
      month        = {July},
      year         = {2023},
      url          = {https://repo-sam.inria.fr/fungraph/3d-gaussian-splatting/}
}

@misc{1804.09154,
Author = {Edoardo Giacomello and Pier Luca Lanzi and Daniele Loiacono},
Title = {DOOM Level Generation using Generative Adversarial Networks},
Year = {2018},
Eprint = {arXiv:1804.09154},
}

@inproceedings{zhang2023adding,
  title={Adding conditional control to text-to-image diffusion models},
  author={Zhang, Lvmin and Rao, Anyi and Agrawala, Maneesh},
  booktitle={Proceedings of the IEEE/CVF International Conference on Computer Vision},
  pages={3836--3847},
  year={2023}
}

@misc{ha2018worldmodels,
    Author={David Ha and Jürgen Schmidhuber},
    Title= {World Models},
    Year = {2018},
    Eprint = {arXiv:1803.10122},
    Doi = {10.5281/zenodo.1207631},
}

@misc{2402.15391,
Author = {Jake Bruce and Michael Dennis and Ashley Edwards and Jack Parker-Holder and Yuge Shi and Edward Hughes and Matthew Lai and Aditi Mavalankar and Richie Steigerwald and Chris Apps and Yusuf Aytar and Sarah Bechtle and Feryal Behbahani and Stephanie Chan and Nicolas Heess and Lucy Gonzalez and Simon Osindero and Sherjil Ozair and Scott Reed and Jingwei Zhang and Konrad Zolna and Jeff Clune and Nando de Freitas and Satinder Singh and Tim Rocktäschel},
Title = {Genie: Generative Interactive Environments},
Year = {2024},
Eprint = {arXiv:2402.15391},
}

@misc{2309.17080,
Author = {Anthony Hu and Lloyd Russell and Hudson Yeo and Zak Murez and George Fedoseev and Alex Kendall and Jamie Shotton and Gianluca Corrado},
Title = {GAIA-1: A Generative World Model for Autonomous Driving},
Year = {2023},
Eprint = {arXiv:2309.17080},
}

@misc{2303.13515,
Author = {Lucy Chai and Richard Tucker and Zhengqi Li and Phillip Isola and Noah Snavely},
Title = {Persistent Nature: A Generative Model of Unbounded 3D Worlds},
Year = {2023},
Eprint = {arXiv:2303.13515},
}

@misc{2402.03570,
Author = {Zihan Ding and Amy Zhang and Yuandong Tian and Qinqing Zheng},
Title = {Diffusion World Model},
Year = {2024},
Eprint = {arXiv:2402.03570},
}

% Misc

@misc{petric2018comparisoncsjpegterms,
      title={Comparison between CS and JPEG in terms of image compression}, 
      author={Danko Petric and Marija Milinkovic},
      year={2018},
      eprint={1802.05114},
      archivePrefix={arXiv},
      primaryClass={eess.IV},
      url={https://arxiv.org/abs/1802.05114}, 
}

@misc{song2022denoisingdiffusionimplicitmodels,
      title={Denoising Diffusion Implicit Models}, 
      author={Jiaming Song and Chenlin Meng and Stefano Ermon},
      year={2022},
      eprint={2010.02502},
      archivePrefix={arXiv},
      primaryClass={cs.LG},
      url={https://arxiv.org/abs/2010.02502}, 
}

@article{stable-baselines3,
  author  = {Antonin Raffin and Ashley Hill and Adam Gleave and Anssi Kanervisto and Maximilian Ernestus and Noah Dormann},
  title   = {Stable-Baselines3: Reliable Reinforcement Learning Implementations},
  journal = {Journal of Machine Learning Research},
  year    = {2021},
  volume  = {22},
  number  = {268},
  pages   = {1-8},
  url     = {http://jmlr.org/papers/v22/20-1364.html}
}

@article{wang2023prolificdreamer,
      title={ProlificDreamer: High-Fidelity and Diverse Text-to-3D Generation with Variational Score Distillation},
      author={Zhengyi Wang and Cheng Lu and Yikai Wang and Fan Bao and Chongxuan Li and Hang Su and Jun Zhu},
      journal={arXiv preprint arXiv:2305.16213},
      year={2023}
}

@misc{salimans2022progressivedistillationfastsampling,
      title={Progressive Distillation for Fast Sampling of Diffusion Models}, 
      author={Tim Salimans and Jonathan Ho},
      year={2022},
      eprint={2202.00512},
      archivePrefix={arXiv},
      primaryClass={cs.LG},
      url={https://arxiv.org/abs/2202.00512}, 
}

@article{Menapace_2024,
   title={Promptable Game Models: Text-guided Game Simulation via Masked Diffusion Models},
   volume={43},
   ISSN={1557-7368},
   url={http://dx.doi.org/10.1145/3635705},
   DOI={10.1145/3635705},
   number={2},
   journal={ACM Transactions on Graphics},
   publisher={Association for Computing Machinery (ACM)},
   author={Menapace, Willi and Siarohin, Aliaksandr and Lathuilière, Stéphane and Achlioptas, Panos and Golyanik, Vladislav and Tulyakov, Sergey and Ricci, Elisa},
   year={2024},
   month=jan, pages={1–16} }

@misc{menapace2021playablevideogeneration,
      title={Playable Video Generation}, 
      author={Willi Menapace and Stéphane Lathuilière and Sergey Tulyakov and Aliaksandr Siarohin and Elisa Ricci},
      year={2021},
      eprint={2101.12195},
      archivePrefix={arXiv},
      primaryClass={cs.CV},
      url={https://arxiv.org/abs/2101.12195}, 
}

@misc{videoworldsimulators2024,
  title={Video generation models as world simulators},
  author={Tim Brooks and Bill Peebles and Connor Holmes and Will DePue and Yufei Guo and Li Jing and David Schnurr and Joe Taylor and Troy Luhman and Eric Luhman and Clarence Ng and Ricky Wang and Aditya Ramesh},
  year={2024},
  url={https://openai.com/research/video-generation-models-as-world-simulators},
}