@article{zellers2019defending,
  title={Defending Against Neural Fake News},
  author={Zellers, Rowan and Holtzman, Ari and Rashkin, Hannah and Bisk, Yonatan and Farhadi, Ali and Roesner, Franziska and Choi, Yejin},
  journal={arXiv preprint arXiv:1905.12616},
  year={2019}
}

@inproceedings{zhang2018asynchronous,
  title={Asynchronous bidirectional decoding for neural machine translation},
  author={Zhang, Xiangwen and Su, Jinsong and Qin, Yue and Liu, Yang and Ji, Rongrong and Wang, Hongji},
  booktitle={Thirty-Second AAAI Conference on Artificial Intelligence},
  year={2018}
}

@article{lawrence2019attending,
  title={Attending to Future Tokens For Bidirectional Sequence Generation},
  author={Lawrence, Carolin and Kotnis, Bhushan and Niepert, Mathias},
  journal={arXiv preprint arXiv:1908.05915},
  year={2019}
}

@article{li2017learning,
  title={Learning to decode for future success},
  author={Li, Jiwei and Monroe, Will and Jurafsky, Dan},
  journal={arXiv preprint arXiv:1701.06549},
  year={2017}
}

@article{raffel2019exploring,
  title={Exploring the limits of transfer learning with a unified text-to-text transformer},
  author={Raffel, Colin and Shazeer, Noam and Roberts, Adam and Lee, Katherine and Narang, Sharan and Matena, Michael and Zhou, Yanqi and Li, Wei and Liu, Peter J},
  journal={arXiv preprint arXiv:1910.10683},
  year={2019}
}

@article{song2019mass,
  title={Mass: Masked sequence to sequence pre-training for language generation},
  author={Song, Kaitao and Tan, Xu and Qin, Tao and Lu, Jianfeng and Liu, Tie-Yan},
  journal={arXiv preprint arXiv:1905.02450},
  year={2019}
}




@article{radford2019language,
  title={Language models are unsupervised multitask learners},
  author={Radford, Alec and Wu, Jeffrey and Child, Rewon and Luan, David and Amodei, Dario and Sutskever, Ilya},
  journal={OpenAI Blog},
  volume={1},
  number={8},
  year={2019}
}


@inproceedings{devlin2018bert,
  title={Bert: Pre-training of deep bidirectional transformers for language understanding},
  author={Devlin, Jacob and Chang, Ming-Wei and Lee, Kenton and Toutanova, Kristina},
  booktitle={NAACL},
  year={2018}
}

@article{ju2019technical,
  title={Technical report on Conversational Question Answering},
  author={Ju, Ying and Zhao, Fubang and Chen, Shijie and Zheng, Bowen and Yang, Xuefeng and Liu, Yunfeng},
  journal={arXiv preprint arXiv:1909.10772},
  year={2019}
}

@article{yang2019xlnet,
  title={XLNet: Generalized Autoregressive Pretraining for Language Understanding},
  author={Yang, Zhilin and Dai, Zihang and Yang, Yiming and Carbonell, Jaime and Salakhutdinov, Ruslan and Le, Quoc V},
  journal={arXiv preprint arXiv:1906.08237},
  year={2019}
}

@article{benjamin2019,
Author = {Benjamin Borschinger and Jordan Boyd-Graber and Christian Buck and Jannis Bulian and Massimiliano Ciaramita and Michelle Chen Huebscher and Wojciech Gajewski and Yannic Kilcher and Rodrigo Nogueira and Lierni Sestorain Saralegu},
title = {Meta Answering for Machine Reading},
year = {2019},
journal = {arXiv:1911.04156},
}

@article{lan2019albert,
  title={ALBERT: A lite BERT for self-supervised learning of language representations},
  author={Lan, Zhenzhong and Chen, Mingda and Goodman, Sebastian and Gimpel, Kevin and Sharma, Piyush and Soricut, Radu},
  journal={arXiv preprint arXiv:1909.11942},
  year={2019}
}

@article{zhang2019sg,
  title={SG-Net: Syntax-guided machine reading comprehension},
  author={Zhang, Zhuosheng and Wu, Yuwei and Zhou, Junru and Duan, Sufeng and Zhao, Hai},
  journal={arXiv preprint arXiv:1908.05147},
  year={2019}
}

@article{liu2019roberta,
  title={Roberta: A robustly optimized bert pretraining approach},
  author={Liu, Yinhan and Ott, Myle and Goyal, Naman and Du, Jingfei and Joshi, Mandar and Chen, Danqi and Levy, Omer and Lewis, Mike and Zettlemoyer, Luke and Stoyanov, Veselin},
  journal={arXiv preprint arXiv:1907.11692},
  year={2019}
}

@inproceedings{rajpurkar2018know,
  title={Know What You Don't Know: Unanswerable Questions for SQuAD},
  author={Rajpurkar, Pranav and Jia, Robin and Liang, Percy},
  booktitle={ACL},
  year={2018}
}

@inproceedings{rajpurkar2016squad,
  title={Squad: 100,000+ questions for machine comprehension of text},
  author={Rajpurkar, Pranav and Zhang, Jian and Lopyrev, Konstantin and Liang, Percy},
  booktitle={EMNLP},
  year={2016}
}

@article{reddy2019coqa,
  title={Coqa: A conversational question answering challenge},
  author={Reddy, Siva and Chen, Danqi and Manning, Christopher D},
  journal={TACL},
  volume={7},
  pages={249--266},
  year={2019}
}

@article{kwiatkowski2019natural,
  title={Natural questions: a benchmark for question answering research},
  author={Kwiatkowski, Tom and Palomaki, Jennimaria and Redfield, Olivia and Collins, Michael and Parikh, Ankur and Alberti, Chris and Epstein, Danielle and Polosukhin, Illia and Devlin, Jacob and Lee, Kenton and others},
  journal={TACL},  
  volume={7},
  pages={453--466},
  year={2019}
}

@article{alberti2019bert,
  title={A bert baseline for the natural questions},
  author={Alberti, Chris and Lee, Kenton and Collins, Michael},
  journal={arXiv preprint arXiv:1901.08634},
  year={2019}
}

@article{pan2019frustratingly,
  title={Frustratingly Easy Natural Question Answering},
  author={Pan, Lin and Chakravarti, Rishav and Ferritto, Anthony and Glass, Michael and Gliozzo, Alfio and Roukos, Salim and Florian, Radu and Sil, Avirup},
  journal={arXiv preprint arXiv:1909.05286},
  year={2019}
}

@article{alberti2019synthetic,
  title={Synthetic QA Corpora Generation with Roundtrip Consistency},
  author={Alberti, Chris and Andor, Daniel and Pitler, Emily and Devlin, Jacob and Collins, Michael},
  journal={arXiv preprint arXiv:1906.05416},
  year={2019}
}

@article{glass2019span,
  title={Span selection pre-training for question answering},
  author={Glass, Michael and Gliozzo, Alfio and Chakravarti, Rishav and Ferritto, Anthony and Pan, Lin and Bhargav, GP and Garg, Dinesh and Sil, Avirup},
  journal={arXiv preprint arXiv:1909.04120},
  year={2019}
}
@inproceedings{xiong2016dynamic,
  title={Dynamic coattention networks for question answering},
  author={Xiong, Caiming and Zhong, Victor and Socher, Richard},
  booktitle={ICLR},
  year={2017}
}


@inproceedings{xiong2017dcn+,
  title={Dcn+: Mixed objective and deep residual coattention for question answering},
  author={Xiong, Caiming and Zhong, Victor and Socher, Richard},
  booktitle={ICLR},
  year={2018}
}

@inproceedings{seo2016bidirectional,
  title={Bidirectional attention flow for machine comprehension},
  author={Seo, Minjoon and Kembhavi, Aniruddha and Farhadi, Ali and Hajishirzi, Hannaneh},
  booktitle={ICLR},
  year={2017}
}

@inproceedings{clark2018simple,
  title={Simple and effective multi-paragraph reading comprehension},
  author={Clark, Christopher and Gardner, Matt},
  booktitle={ACL},
  year={2018}
}

@inproceedings{parikh2016decomposable,
  title={A decomposable attention model for natural language inference},
  author={Parikh, Ankur P and T{\"a}ckstr{\"o}m, Oscar and Das, Dipanjan and Uszkoreit, Jakob},
  booktitle={EMNLP},
  year={2016}
}

@inproceedings{kingma2014adam,
  title={Adam: A method for stochastic optimization},
  author={Kingma, Diederik P and Ba, Jimmy},
  booktitle={ICLR},
  year={2015}
}

@inproceedings{chen2017reading,
  title={Reading wikipedia to answer open-domain questions},
  author={Chen, Danqi and Fisch, Adam and Weston, Jason and Bordes, Antoine},
  booktitle={ACL},
  year={2017}
}

@inproceedings{cui2016attention,
  title={Attention-over-attention neural networks for reading comprehension},
  author={Cui, Yiming and Chen, Zhipeng and Wei, Si and Wang, Shijin and Liu, Ting and Hu, Guoping},
  booktitle={ACL},
  year={2017}
}

@inproceedings{vaswani2017attention,
  title={Attention is all you need},
  author={Vaswani, Ashish and Shazeer, Noam and Parmar, Niki and Uszkoreit, Jakob and Jones, Llion and Gomez, Aidan N and Kaiser, {\L}ukasz and Polosukhin, Illia},
  booktitle={NIPS},
  year={2017}
}

@inproceedings{he2016deep,
  title={Deep residual learning for image recognition},
  author={He, Kaiming and Zhang, Xiangyu and Ren, Shaoqing and Sun, Jian},
  booktitle={CVPR},
  year={2016}
}

@article{ba2016layer,
  title={Layer normalization},
  author={Ba, Jimmy Lei and Kiros, Jamie Ryan and Hinton, Geoffrey E},
  journal={arXiv preprint arXiv:1607.06450},
  year={2016}
}

@article{hochreiter1997long,
  title={Long short-term memory},
  author={Hochreiter, Sepp and Schmidhuber, J{\"u}rgen},
  journal={Neural computation},
  year={1997}
}

@article{hendrycks2016gaussian,
  title={Gaussian error linear units (gelus)},
  author={Hendrycks, Dan and Gimpel, Kevin},
  journal={arXiv preprint arXiv:1606.08415},
  year={2016}
}

@article{schuster1997bidirectional,
  author    = {Schuster, Mike and Paliwal, Kuldip K},
  title     = {Bidirectional recurrent neural networks},
  journal   = {IEEE Transactions on Signal Processing},
  year      = {1997}
}

@inproceedings{de2018question,
  title={Question answering by reasoning across documents with graph convolutional networks},
  author={De Cao, Nicola and Aziz, Wilker and Titov, Ivan},
  booktitle={NAACL-HLT},
  year={2019}
}

@inproceedings{zhuang2019token,
  title={Token-level Dynamic Self-Attention Network for Multi-Passage Reading Comprehension},
  author={Zhuang, Yimeng and Wang, Huadong},
  booktitle={ACL},
  year={2019}
}

@inproceedings{xiao2019dynamically,
  title={Dynamically Fused Graph Network for Multi-hop Reasoning},
  author={Xiao, Yunxuan and Qu, Yanru and Qiu, Lin and Zhou, Hao and Li, Lei and Zhang, Weinan and Yu, Yong},
  booktitle={ACL},
  year={2019}
}

@article{joshi2019spanbert,
  title={Spanbert: Improving pre-training by representing and predicting spans},
  author={Joshi, Mandar and Chen, Danqi and Liu, Yinhan and Weld, Daniel S and Zettlemoyer, Luke and Levy, Omer},
  journal={arXiv preprint arXiv:1907.10529},
  year={2019}
}

@inproceedings{zhu2015aligning,
  title={Aligning books and movies: Towards story-like visual explanations by watching movies and reading books},
  author={Zhu, Yukun and Kiros, Ryan and Zemel, Rich and Salakhutdinov, Ruslan and Urtasun, Raquel and Torralba, Antonio and Fidler, Sanja},
  booktitle={Proceedings of the IEEE international conference on computer vision},
  pages={19--27},
  year={2015}
}

@inproceedings{see2017get,
  title={Get to the point: Summarization with pointer-generator networks},
  author={See, Abigail and Liu, Peter J and Manning, Christopher D},
  booktitle={ACL},
  year={2017}
}

@article{micikevicius2018mixed,
  title={Mixed Precision Training},
  author={Micikevicius, Paulius and Narang, Sharan and Alben, Jonah and Diamos, Gregory and Elsen, Erich and Garcia, David and Ginsburg, Boris and Houston, Michael and Kuchaiev, Oleksii and Venkatesh, Ganesh and others},
  year={2018}
}

@article{fan2017controllable,
  title={Controllable abstractive summarization},
  author={Fan, Angela and Grangier, David and Auli, Michael},
  journal={arXiv preprint arXiv:1711.05217},
  year={2017}
}

@inproceedings{yang2019enhancing,
  title={Enhancing Topic-to-Essay Generation with External Commonsense Knowledge},
  author={Yang, Pengcheng and Li, Lei and Luo, Fuli and Liu, Tianyu and Sun, Xu},
  booktitle={ACL},
  year={2019}
}

@inproceedings{xing2017topic,
  title={Topic aware neural response generation},
  author={Xing, Chen and Wu, Wei and Wu, Yu and Liu, Jie and Huang, Yalou and Zhou, Ming and Ma, Wei-Ying},
  booktitle={AAAI},
  year={2017}
}

@inproceedings{krishna2018generating,
  title={Generating Topic-Oriented Summaries Using Neural Attention},
  author={Krishna, Kundan and Srinivasan, Balaji Vasan},
  booktitle={NAACL},
  year={2018}
}

@inproceedings{lin2000automated,
  title={The automated acquisition of topic signatures for text summarization},
  author={Lin, Chin-Yew and Hovy, Eduard},
  booktitle={COLING},
  year={2000}
}

@inproceedings{conroy2006topic,
  title={Topic-focused multi-document summarization using an approximate oracle score},
  author={Conroy, John M and Schlesinger, Judith D and O'Leary, Dianne P},
  booktitle={Proceedings of the COLING/ACL on Main conference poster sessions},
  year={2006}
}

@inproceedings{wang2017group,
  title={Group linguistic bias aware neural response generation},
  author={Wang, Jianan and Wang, Xin and Li, Fang and Xu, Zhen and Wang, Zhuoran and Wang, Baoxun},
  booktitle={SIGHAN Workshop on Chinese Language Processing},
  year={2017}
}

@inproceedings{zhou2017mechanism,
  title={Mechanism-aware neural machine for dialogue response generation},
  author={Zhou, Ganbin and Luo, Ping and Cao, Rongyu and Lin, Fen and Chen, Bo and He, Qing},
  booktitle={AAAI},
  year={2017}
}

@inproceedings{zhou2018commonsense,
  title={Commonsense Knowledge Aware Conversation Generation with Graph Attention.},
  author={Zhou, Hao and Young, Tom and Huang, Minlie and Zhao, Haizhou and Xu, Jingfang and Zhu, Xiaoyan},
  booktitle={IJCAI},
  year={2018}
}

@inproceedings{higurashi2018extractive,
  title={Extractive headline generation based on learning to rank for community question answering},
  author={Higurashi, Tatsuru and Kobayashi, Hayato and Masuyama, Takeshi and Murao, Kazuma},
  booktitle={COLING},
  year={2018}
}

@inproceedings{zhang2018question,
  title={Question Headline Generation for News Articles},
  author={Zhang, Ruqing and Guo, Jiafeng and Fan, Yixing and Lan, Yanyan and Xu, Jun and Cao, Huanhuan and Cheng, Xueqi},
  booktitle={CIKM},
  year={2018}
}

@inproceedings{murao2019case,
  title={A Case Study on Neural Headline Generation for Editing Support},
  author={Murao, Kazuma and Kobayashi, Ken and Kobayashi, Hayato and Yatsuka, Taichi and Masuyama, Takeshi and Higurashi, Tatsuru and Tabuchi, Yoshimune},
  booktitle={NAACL-HLT},
  year={2019}
}

@article{rush2015neural,
  title={A neural attention model for abstractive sentence summarization},
  author={Rush, Alexander M and Chopra, Sumit and Weston, Jason},
  journal={arXiv preprint arXiv:1509.00685},
  year={2015}
}

@article{li2016simple,
  title={A simple, fast diverse decoding algorithm for neural generation},
  author={Li, Jiwei and Monroe, Will and Jurafsky, Dan},
  journal={arXiv preprint arXiv:1611.08562},
  year={2016}
}

@inproceedings{zhou2017selective,
  title={Selective encoding for abstractive sentence summarization},
  author={Zhou, Qingyu and Yang, Nan and Wei, Furu and Zhou, Ming},
  booktitle={ACL},
  year={2017}
}

@inproceedings{takase2016neural,
  title={Neural headline generation on abstract meaning representation},
  author={Takase, Sho and Suzuki, Jun and Okazaki, Naoaki and Hirao, Tsutomu and Nagata, Masaaki},
  booktitle={EMNLP},
  year={2016}
}
@article{ayana2016neural,
  title={Neural headline generation with minimum risk training},
  author={Ayana, Shiqi Shen and Liu, Zhiyuan and Sun, Maosong},
  journal={arXiv preprint arXiv:1604.01904},
  year={2016}
}
@inproceedings{tan2017neural,
  title={From Neural Sentence Summarization to Headline Generation: A Coarse-to-Fine Approach.},
  author={Tan, Jiwei and Wan, Xiaojun and Xiao, Jianguo},
  booktitle={IJCAI},
  year={2017}
}




@inproceedings{yao2015lean,
  title={Lean question answering over freebase from scratch},
  author={Yao, Xuchen},
  booktitle={NAACL-HLT},
  year={2015}
}

@article{fan2017transfer,
  title={Transfer learning for neural semantic parsing},
  author={Fan, Xing and Monti, Emilio and Mathias, Lambert and Dreyer, Markus},
  journal={arXiv preprint arXiv:1706.04326},
  year={2017}
}


@article{cheng2018weakly,
  title={Weakly-supervised Neural Semantic Parsing with a Generative Ranker},
  author={Cheng, Jianpeng and Lapata, Mirella},
  journal={arXiv preprint arXiv:1808.07625},
  year={2018}
}





@inproceedings{fader2013paraphrase,
  title={Paraphrase-driven learning for open question answering},
  author={Fader, Anthony and Zettlemoyer, Luke and Etzioni, Oren},
  booktitle={ACL},
  year={2013}
}
@article{talmor2018web,
  title={The Web as a Knowledge-base for Answering Complex Questions},
  author={Talmor, Alon and Berant, Jonathan},
  journal={arXiv preprint arXiv:1803.06643},
  year={2018}
}
@inproceedings{lin2018multi,
  title={A Multi-lingual Multi-task Architecture for Low-resource Sequence Labeling},
  author={Lin, Ying and Yang, Shengqi and Stoyanov, Veselin and Ji, Heng},
  booktitle={ACL},
  year={2018}
}
@article{guo2018soft,
  title={Soft Layer-Specific Multi-Task Summarization with Entailment and Question Generation},
  author={Guo, Han and Pasunuru, Ramakanth and Bansal, Mohit},
  journal={arXiv preprint arXiv:1805.11004},
  year={2018}
}
@article{jia2016data,
  title={Data recombination for neural semantic parsing},
  author={Jia, Robin and Liang, Percy},
  journal={arXiv preprint arXiv:1606.03622},
  year={2016}
}


@article{dong2018coarse,
  title={Coarse-to-Fine Decoding for Neural Semantic Parsing},
  author={Dong, Li and Lapata, Mirella},
  journal={arXiv preprint arXiv:1805.04793},
  year={2018}
}
@article{zettlemoyer2012learning,
  title={Learning to map sentences to logical form: Structured classification with probabilistic categorial grammars},
  author={Zettlemoyer, Luke S and Collins, Michael},
  journal={arXiv preprint arXiv:1207.1420},
  year={2012}
}
@article{zhang2017macro,
  title={Macro grammars and holistic triggering for efficient semantic parsing},
  author={Zhang, Yuchen and Pasupat, Panupong and Liang, Percy},
  journal={arXiv preprint arXiv:1707.07806},
  year={2017}
}

@article{zhongSeq2SQL2017,
  author    = {Victor Zhong and
               Caiming Xiong and
               Richard Socher},
  title     = {Seq2SQL: Generating Structured Queries from Natural Language using
               Reinforcement Learning},
  journal   = {CoRR},
  volume    = {abs/1709.00103},
  year      = {2017}
}

@article{lee2016global,
  title={Global neural CCG parsing with optimality guarantees},
  author={Lee, Kenton and Lewis, Mike and Zettlemoyer, Luke},
  journal={arXiv preprint arXiv:1607.01432},
  year={2016}
}
@article{jia2016data,
  title={Data recombination for neural semantic parsing},
  author={Jia, Robin and Liang, Percy},
  journal={arXiv preprint arXiv:1606.03622},
  year={2016}
}
@inproceedings{zettlemoyer2007online,
  title={Online learning of relaxed CCG grammars for parsing to logical form},
  author={Zettlemoyer, Luke and Collins, Michael},
  booktitle={EMNLP-CoNLL},
  year={2007}
}


@inproceedings{gu2016incorporating,
  title={Incorporating copying mechanism in sequence-to-sequence learning},
  author={Gu, Jiatao and Lu, Zhengdong and Li, Hang and Li, Victor OK},
  booktitle={ACL},
  year={2016}
}

@inproceedings{cai2013large,
  title={Large-scale semantic parsing via schema matching and lexicon extension},
  author={Cai, Qingqing and Yates, Alexander},
  booktitle={ACL},
  year={2013}
}


@inproceedings{lu2008generative,
  title={A generative model for parsing natural language to meaning representations},
  author={Lu, Wei and Ng, Hwee Tou and Lee, Wee Sun and Zettlemoyer, Luke S},
  booktitle={EMNLP},
  year={2008}
}

@article{thompson2003acquiring,
  title={Acquiring word-meaning mappings for natural language interfaces},
  author={Thompson, Cynthia},
  journal={Journal of Artificial Intelligence Research},
  year={2003}
}

@article{artzi2013weakly,
  title={Weakly supervised learning of semantic parsers for mapping instructions to actions},
  author={Artzi, Yoav and Zettlemoyer, Luke},
  journal={TACL},
  year={2013}
}

@article{yih2015semantic,
  title={Semantic parsing via staged query graph generation: Question answering with knowledge base},
  author={Yih, Scott Wen-tau and Chang, Ming-Wei and He, Xiaodong and Gao, Jianfeng},
  year={2015}
}

@inproceedings{sogaard2016deep,
  title={Deep multi-task learning with low level tasks supervised at lower layers},
  author={S{\o}gaard, Anders and Goldberg, Yoav},
  booktitle={ACL},
  year={2016}
}


@article{liang2016neural,
  title={Neural symbolic machines: Learning semantic parsers on freebase with weak supervision},
  author={Liang, Chen and Berant, Jonathan and Le, Quoc and Forbus, Kenneth D and Lao, Ni},
  journal={arXiv preprint arXiv:1611.00020},
  year={2016}
}


@inproceedings{kwiatkowski2010inducing,
  title={Inducing probabilistic CCG grammars from logical form with higher-order unification},
  author={Kwiatkowski, Tom and Zettlemoyer, Luke and Goldwater, Sharon and Steedman, Mark},
  booktitle={EMNLP},
  year={2010}
}

@inproceedings{berant2014semantic,
  title={Semantic parsing via paraphrasing},
  author={Berant, Jonathan and Liang, Percy},
  booktitle={ACL},
  year={2014}
}

@article{huang2015bidirectional,
  title={Bidirectional LSTM-CRF models for sequence tagging},
  author={Huang, Zhiheng and Xu, Wei and Yu, Kai},
  journal={arXiv preprint arXiv:1508.01991},
  year={2015}
}

@inproceedings{pennington2014glove,
  title={Glove: Global vectors for word representation},
  author={Pennington, Jeffrey and Socher, Richard and Manning, Christopher},
  booktitle={EMNLP},
  year={2014}
}

@InProceedings{confidence,
	author    = {Dong, Li  and  Quirk, Chris  and  Lapata, Mirella},
	title     = {Confidence Modeling for Neural Semantic Parsing},
	booktitle = {ACL},
	year      = {2018}
}

@inproceedings{bollacker2008freebase,
  title={Freebase: a collaboratively created graph database for structuring human knowledge},
  author={Bollacker, Kurt and Evans, Colin and Paritosh, Praveen and Sturge, Tim and Taylor, Jamie},
  booktitle={SIGMOD},
  year={2008}
}

@article{lehmann2015dbpedia,
  title={DBpedia--a large-scale, multilingual knowledge base extracted from Wikipedia},
  author={Lehmann, Jens and Isele, Robert and Jakob, Max and Jentzsch, Anja and Kontokostas, Dimitris and Mendes, Pablo N and Hellmann, Sebastian and Morsey, Mohamed and Van Kleef, Patrick and Auer, S{\"o}ren and others},
  journal={Semantic Web},
  year={2015}
}
@inproceedings{Long2017LearningMT,
  title={Learning Multiple Tasks with Multilinear Relationship Networks},
  author={Mingsheng Long and Zhangjie Cao and Jianmin Wang and Philip S. Yu},
  booktitle={NIPS},
  year={2017}
}
@article{chen2017adversarial,
  title={Adversarial multi-criteria learning for chinese word segmentation},
  author={Chen, Xinchi and Shi, Zhan and Qiu, Xipeng and Huang, Xuanjing},
  journal={arXiv preprint arXiv:1704.07556},
  year={2017}
}
@article{liu2017adversarial,
  title={Adversarial multi-task learning for text classification},
  author={Liu, Pengfei and Qiu, Xipeng and Huang, Xuanjing},
  journal={arXiv preprint arXiv:1704.05742},
  year={2017}
}

@article{hashimoto2016joint,
  title={A joint many-task model: Growing a neural network for multiple NLP tasks},
  author={Hashimoto, Kazuma and Xiong, Caiming and Tsuruoka, Yoshimasa and Socher, Richard},
  journal={arXiv preprint arXiv:1611.01587},
  year={2016}
}

%Semantic parsing
@article{guo2017bidirectional,
  title={Bidirectional Attention for SQL Generation},
  author={Guo, Tong and Gao, Huilin},
  journal={arXiv preprint arXiv:1801.00076},
  year={2017}
}


@article{zhao2014type,
  title={Type-driven incremental semantic parsing with polymorphism},
  author={Zhao, Kai and Huang, Liang},
  journal={arXiv preprint arXiv:1411.5379},
  year={2014}
}


@article{luz2018semantic,
  title={Semantic Parsing Natural Language into SPARQL: Improving Target Language Representation with Neural Attention},
  author={Luz, Fabiano Ferreira and Finger, Marcelo},
  journal={arXiv preprint arXiv:1803.04329},
  year={2018}
}


@inproceedings{hermann2015teaching,
  title={Teaching machines to read and comprehend},
  author={Hermann, Karl Moritz and Kocisky, Tomas and Grefenstette, Edward and Espeholt, Lasse and Kay, Will and Suleyman, Mustafa and Blunsom, Phil},
  booktitle={NIPS},
  year={2015}
}

@inproceedings{vinyals2015grammar,
  title={Grammar as a foreign language},
  author={Vinyals, Oriol and Kaiser, {\L}ukasz and Koo, Terry and Petrov, Slav and Sutskever, Ilya and Hinton, Geoffrey},
  booktitle={NIPS},
  year={2015}
}

@article{reddy2014large,
  title={Large-scale semantic parsing without question-answer pairs},
  author={Reddy, Siva and Lapata, Mirella and Steedman, Mark},
  journal={TACL},
  year={2014}
}


@article{liang2013learning,
  title={Learning dependency-based compositional semantics},
  author={Liang, Percy and Jordan, Michael I and Klein, Dan},
  journal={Computational Linguistics},
  year={2013},
 
}

@inproceedings{kwiatkowski2011lexical,
  title={Lexical generalization in CCG grammar induction for semantic parsing},
  author={Kwiatkowski, Tom and Zettlemoyer, Luke and Goldwater, Sharon and Steedman, Mark},
  booktitle={EMNLP},
  year={2011}
}

@article{rabinovich2017abstract,
  title={Abstract syntax networks for code generation and semantic parsing},
  author={Rabinovich, Maxim and Stern, Mitchell and Klein, Dan},
  journal={arXiv preprint arXiv:1704.07535},
  year={2017}
}

@article{yin2017syntactic,
  title={A syntactic neural model for general-purpose code generation},
  author={Yin, Pengcheng and Neubig, Graham},
  journal={arXiv preprint arXiv:1704.01696},
  year={2017}
}

@inproceedings{krishnamurthy2017neural,
  title={Neural semantic parsing with type constraints for semi-structured tables},
  author={Krishnamurthy, Jayant and Dasigi, Pradeep and Gardner, Matt},
  booktitle={EMNLP},
  year={2017}
}

@inproceedings{susanto2017neural,
  title={Neural Architectures for Multilingual Semantic Parsing},
  author={Susanto, Raymond Hendy and Lu, Wei},
  booktitle={ACL},
  year={2017}
}



@article{luong2015multi,
  title={Multi-task sequence to sequence learning},
  author={Luong, Minh-Thang and Le, Quoc V and Sutskever, Ilya and Vinyals, Oriol and Kaiser, Lukasz},
  journal={arXiv preprint arXiv:1511.06114},
  year={2015}
}

@article{wang2018multi,
  title={Multi-Passage Machine Reading Comprehension with Cross-Passage Answer Verification},
  author={Wang, Yizhong and Liu, Kai and Liu, Jing and He, Wei and Lyu, Yajuan and Wu, Hua and Li, Sujian and Wang, Haifeng},
  journal={arXiv preprint arXiv:1805.02220},
  year={2018}
}

@article{mrkvsic2015multi,
  title={Multi-domain dialog state tracking using recurrent neural networks},
  author={Mrk{\v{s}}i{\'c}, Nikola and S{\'e}aghdha, Diarmuid O and Thomson, Blaise and Ga{\v{s}}i{\'c}, Milica and Su, Pei-Hao and Vandyke, David and Wen, Tsung-Hsien and Young, Steve},
  journal={arXiv preprint arXiv:1506.07190},
  year={2015}
}

@article{talmor2018web,
  title={The Web as a Knowledge-base for Answering Complex Questions},
  author={Talmor, Alon and Berant, Jonathan},
  journal={arXiv preprint arXiv:1803.06643},
  year={2018}
}

@article{herzig2017neural,
  title={Neural semantic parsing over multiple knowledge-bases},
  author={Herzig, Jonathan and Berant, Jonathan},
  journal={arXiv preprint arXiv:1702.01569},
  year={2017}
}

@inproceedings{liu2016implicit,
  title={Implicit Discourse Relation Classification via Multi-Task Neural Networks.},
  author={Liu, Yang and Li, Sujian and Zhang, Xiaodong and Sui, Zhifang},
  booktitle={AAAI},
  year={2016}
}

@book{kullback1997information,
  title={Information theory and statistics},
  author={Kullback, Solomon},
  year={1997},
  publisher={Courier Corporation}
}


@article{alonso2016multitask,
  title={When is multitask learning effective? Semantic sequence prediction under varying data conditions},
  author={Alonso, H{\'e}ctor Mart{\'\i}nez and Plank, Barbara},
  journal={arXiv preprint arXiv:1612.02251},
  year={2016}
}

@article{liu2017adversarial,
  title={Adversarial Multi-task Learning for Text Classification},
  author={Liu, Pengfei and Qiu, Xipeng and Huang, Xuanjing},
  journal={arXiv preprint arXiv:1704.05742},
  year={2017}
}


@article{ranjan2017hyperface,
  title={Hyperface: A deep multi-task learning framework for face detection, landmark localization, pose estimation, and gender recognition},
  author={Ranjan, Rajeev and Patel, Vishal M and Chellappa, Rama},
  journal={IEEE Transactions on Pattern Analysis and Machine Intelligence},
  year={2017},
  publisher={IEEE}
}

@article{liu2015representation,
  title={Representation learning using multi-task deep neural networks for semantic classification and information retrieval},
  author={Liu, Xiaodong and Gao, Jianfeng and He, Xiaodong and Deng, Li and Duh, Kevin and Wang, Ye-Yi},
  year={2015}
}

@article{iyer2017learning,
  title={Learning a neural semantic parser from user feedback},
  author={Iyer, Srinivasan and Konstas, Ioannis and Cheung, Alvin and Krishnamurthy, Jayant and Zettlemoyer, Luke},
  journal={arXiv preprint arXiv:1704.08760},
  year={2017}
}

@article{fan2017transfer,
  title={Transfer learning for neural semantic parsing},
  author={Fan, Xing and Monti, Emilio and Mathias, Lambert and Dreyer, Markus},
  journal={arXiv preprint arXiv:1706.04326},
  year={2017}
}

@inproceedings{papineni2002bleu,
  title={BLEU: a method for automatic evaluation of machine translation},
  author={Papineni, Kishore and Roukos, Salim and Ward, Todd and Zhu, Wei-Jing},
  booktitle={ACL},
  year={2002}
}
@article{robertson2009probabilistic,
  title={The probabilistic relevance framework: BM25 and beyond},
  author={Robertson, Stephen and Zaragoza, Hugo and others},
  journal={Foundations and Trends{\textregistered} in Information Retrieval},
  volume={3},
  number={4},
  pages={333--389},
  year={2009},
  publisher={Now Publishers, Inc.}
}



%seq2seq
@misc{xiao2017sequence,
  title={Sequence-based structured prediction for semantic parsing},
  author={Xiao, Chunyang and Dymetman, Marc and Gardent, Claire},
  year={2017},
  month=nov # "~28",
  publisher={Google Patents},
  note={US Patent 9,830,315}
}


@inproceedings{cho2014learning,
  title={Learning phrase representations using RNN encoder-decoder for statistical machine translation},
  author={Cho, Kyunghyun and Van Merri{\"e}nboer, Bart and Gulcehre, Caglar and Bahdanau, Dzmitry and Bougares, Fethi and Schwenk, Holger and Bengio, Yoshua},
  booktitle={EMNLP},
  year={2014}
}

@article{lewis2019bart,
  title={Bart: Denoising sequence-to-sequence pre-training for natural language generation, translation, and comprehension},
  author={Lewis, Mike and Liu, Yinhan and Goyal, Naman and Ghazvininejad, Marjan and Mohamed, Abdelrahman and Levy, Omer and Stoyanov, Ves and Zettlemoyer, Luke},
  journal={arXiv preprint arXiv:1910.13461},
  year={2019}
}

@article{gehring2017convolutional,
  title={Convolutional sequence to sequence learning},
  author={Gehring, Jonas and Auli, Michael and Grangier, David and Yarats, Denis and Dauphin, Yann N},
  journal={arXiv preprint arXiv:1705.03122},
  year={2017}
}

@article{bahdanau2014neural,
  title={Neural machine translation by jointly learning to align and translate},
  author={Bahdanau, Dzmitry and Cho, Kyunghyun and Bengio, Yoshua},
  journal={arXiv preprint arXiv:1409.0473},
  year={2014}
}

@inproceedings{xia2017deliberation,
  title={Deliberation networks: Sequence generation beyond one-pass decoding},
  author={Xia, Yingce and Tian, Fei and Wu, Lijun and Lin, Jianxin and Qin, Tao and Yu, Nenghai and Liu, Tie-Yan},
  booktitle={NIPS},
  year={2017}
}

@inproceedings{li2016diversity,
  title={A diversity-promoting objective function for neural conversation models},
  author={Li, Jiwei and Galley, Michel and Brockett, Chris and Gao, Jianfeng and Dolan, Bill},
  booktitle={NAACL-HLT},
  year={2016}
}

@article{see2017get,
  title={Get to the point: Summarization with pointer-generator networks},
  author={See, Abigail and Liu, Peter J and Manning, Christopher D},
  journal={arXiv preprint arXiv:1704.04368},
  year={2017}
}

@article{sun2018semantic,
  title={Semantic Parsing with Syntax-and Table-Aware SQL Generation},
  author={Sun, Yibo and Tang, Duyu and Duan, Nan and Ji, Jianshu and Cao, Guihong and Feng, Xiaocheng and Qin, Bing and Liu, Ting and Zhou, Ming},
  journal={arXiv preprint arXiv:1804.08338},
  year={2018}
}

@inproceedings{poon2013grounded,
  title={Grounded unsupervised semantic parsing},
  author={Poon, Hoifung},
  booktitle={ACL},
  year={2013}
}

@article{edunov2019pre,
  title={Pre-trained language model representations for language generation},
  author={Edunov, Sergey and Baevski, Alexei and Auli, Michael},
  journal={arXiv preprint arXiv:1903.09722},
  year={2019}
}



@article{zhang2019pretraining,
  title={Pretraining-Based Natural Language Generation for Text Summarization},
  author={Zhang, Haoyu and Gong, Yeyun and Yan, Yu and Duan, Nan and Xu, Jianjun and Wang, Ji and Gong, Ming and Zhou, Ming},
  journal={arXiv preprint arXiv:1902.09243},
  year={2019}
}


@article{ramachandran2016unsupervised,
  title={Unsupervised pretraining for sequence to sequence learning},
  author={Ramachandran, Prajit and Liu, Peter J and Le, Quoc V},
  journal={arXiv preprint arXiv:1611.02683},
  year={2016}
}

@article{radford2019language,
  title={Language Models are Unsupervised Multitask Learners},
  author={Radford, Alec and Wu, Jeff and Child, Rewon and Luan, David and Amodei, Dario and Sutskever, Ilya},
  year={2019}
}

@article{yuan2017machine,
  title={Machine comprehension by text-to-text neural question generation},
  author={Yuan, Xingdi and Wang, Tong and Gulcehre, Caglar and Sordoni, Alessandro and Bachman, Philip and Subramanian, Sandeep and Zhang, Saizheng and Trischler, Adam},
  journal={arXiv preprint arXiv:1705.02012},
  year={2017}
}

@inproceedings{gehring2017convolutional,
  title={Convolutional sequence to sequence learning},
  author={Gehring, Jonas and Auli, Michael and Grangier, David and Yarats, Denis and Dauphin, Yann N},
  booktitle={Proceedings of the 34th International Conference on Machine Learning-Volume 70},
  pages={1243--1252},
  year={2017}
}

@article{hashimoto2018accelerated,
  title={Accelerated Reinforcement Learning for Sentence Generation by Vocabulary Prediction},
  author={Hashimoto, Kazuma and Tsuruoka, Yoshimasa},
  journal={arXiv preprint arXiv:1809.01694},
  year={2018}
}

@article{du2017learning,
  title={Learning to ask: Neural question generation for reading comprehension},
  author={Du, Xinya and Shao, Junru and Cardie, Claire},
  journal={arXiv preprint arXiv:1705.00106},
  year={2017}
}

@article{tilk2017low,
  title={Low-resource neural headline generation},
  author={Tilk, Ottokar and Alum{\"a}e, Tanel},
  journal={arXiv preprint arXiv:1707.09769},
  year={2017}
}

@article{zhao2019improving,
  title={Improving Grammatical Error Correction via Pre-Training a Copy-Augmented Architecture with Unlabeled Data},
  author={Zhao, Wei and Wang, Liang and Shen, Kewei and Jia, Ruoyu and Liu, Jingming},
  journal={arXiv preprint arXiv:1903.00138},
  year={2019}
}

@article{junczys2018approaching,
  title={Approaching neural grammatical error correction as a low-resource machine translation task},
  author={Junczys-Dowmunt, Marcin and Grundkiewicz, Roman and Guha, Shubha and Heafield, Kenneth},
  journal={arXiv preprint arXiv:1804.05940},
  year={2018}
}

@article{edunov2019pre,
  title={Pre-trained Language Model Representations for Language Generation},
  author={Edunov, Sergey and Baevski, Alexei and Auli, Michael},
  journal={arXiv preprint arXiv:1903.09722},
  year={2019}
}

@article{wang2018glue,
  title={GLUE: A Multi-Task Benchmark and Analysis Platform for Natural Language Understanding},
  author={Wang, Alex and Singh, Amapreet and Michael, Julian and Hill, Felix and Levy, Omer and Bowman, Samuel R},
  journal={arXiv preprint arXiv:1804.07461},
  year={2018}
}


@article{rajpurkar2016squad,
  title={Squad: 100,000+ questions for machine comprehension of text},
  author={Rajpurkar, Pranav and Zhang, Jian and Lopyrev, Konstantin and Liang, Percy},
  journal={arXiv preprint arXiv:1606.05250},
  year={2016}
}


@article{radford2018improving,
  title={Improving language understanding by generative pre-training},
  author={Radford, Alec and Narasimhan, Karthik and Salimans, Tim and Sutskever, Ilya},
  journal={URL https://s3-us-west-2. amazonaws. com/openai-assets/research-covers/languageunsupervised/language understanding paper. pdf},
  year={2018}
}

@article{zhao2019improving,
  title={Improving Grammatical Error Correction via Pre-Training a Copy-Augmented Architecture with Unlabeled Data},
  author={Zhao, Wei and Wang, Liang and Shen, Kewei and Jia, Ruoyu and Liu, Jingming},
  journal={arXiv preprint arXiv:1903.00138},
  year={2019}
}


@inproceedings{devlin2018bert,
  title={Bert: Pre-training of deep bidirectional transformers for language understanding},
  author={Devlin, Jacob and Chang, Ming-Wei and Lee, Kenton and Toutanova, Kristina},
  booktitle={NAACL},
  year={2018}
}


@article{peters2017semi,
  title={Semi-supervised sequence tagging with bidirectional language models},
  author={Peters, Matthew E and Ammar, Waleed and Bhagavatula, Chandra and Power, Russell},
  journal={arXiv preprint arXiv:1705.00108},
  year={2017}
}

@article{zhao2019improving,
  title={Improving Grammatical Error Correction via Pre-Training a Copy-Augmented Architecture with Unlabeled Data},
  author={Zhao, Wei and Wang, Liang and Shen, Kewei and Jia, Ruoyu and Liu, Jingming},
  journal={arXiv preprint arXiv:1903.00138},
  year={2019}
}

@article{bowman2015generating,
  title={Generating sentences from a continuous space},
  author={Bowman, Samuel R and Vilnis, Luke and Vinyals, Oriol and Dai, Andrew M and Jozefowicz, Rafal and Bengio, Samy},
  journal={arXiv preprint arXiv:1511.06349},
  year={2015}
}



@article{openai2018,
  title={Improving language understanding with unsupervised learning},
  author={Alec Radford, Karthik Narasimhan, Tim Salimans, andIlya Sutskever},
  journal={Technical report, OpenAI},
  year={2018}
}


@inproceedings{bojar2017findings,
  title={Findings of the 2017 conference on machine translation (wmt17)},
  author={Bojar, Ond{\v{r}}ej and Chatterjee, Rajen and Federmann, Christian and Graham, Yvette and Haddow, Barry and Huang, Shujian and Huck, Matthias and Koehn, Philipp and Liu, Qun and Logacheva, Varvara and others},
  booktitle={Proceedings of the Second Conference on Machine Translation},
  pages={169--214},
  year={2017}
}

%dataset
@inproceedings{hermann2015teaching,
  title={Teaching machines to read and comprehend},
  author={Hermann, Karl Moritz and Kocisky, Tomas and Grefenstette, Edward and Espeholt, Lasse and Kay, Will and Suleyman, Mustafa and Blunsom, Phil},
  booktitle={Advances in neural information processing systems},
  pages={1693--1701},
  year={2015}
}

@article{nallapati2016abstractive,
  title={Abstractive text summarization using sequence-to-sequence rnns and beyond},
  author={Nallapati, Ramesh and Zhou, Bowen and Gulcehre, Caglar and Xiang, Bing and others},
  journal={arXiv preprint arXiv:1602.06023},
  year={2016}
}

@inproceedings{trivedi2017lc,
  title={Lc-quad: A corpus for complex question answering over knowledge graphs},
  author={Trivedi, Priyansh and Maheshwari, Gaurav and Dubey, Mohnish and Lehmann, Jens},
  booktitle={International Semantic Web Conference},
  pages={210--218},
  year={2017}
}

@inproceedings{vrandevcic2012wikidata,
  title={Wikidata: A new platform for collaborative data collection},
  author={Vrande{\v{c}}i{\'c}, Denny},
  booktitle={WWW},
  year={2012}
}

@incollection{auer2007dbpedia,
  title={Dbpedia: A nucleus for a web of open data},
  author={Auer, S{\"o}ren and Bizer, Christian and Kobilarov, Georgi and Lehmann, Jens and Cyganiak, Richard and Ives, Zachary},
  booktitle={The semantic web},
  pages={722--735},
  year={2007},
  publisher={Springer}
}


@inproceedings{zelle1996learning,
  title={Learning to parse database queries using inductive logic programming},
  author={Zelle, John M and Mooney, Raymond J},
  booktitle={Proceedings of the national conference on artificial intelligence},
  pages={1050--1055},
  year={1996}
}

@article{bordes2015large,
  title={Large-scale simple question answering with memory networks},
  author={Bordes, Antoine and Usunier, Nicolas and Chopra, Sumit and Weston, Jason},
  journal={arXiv preprint arXiv:1506.02075},
  year={2015}
}


@inproceedings{unger20166th,
  title={6th open challenge on question answering over linked data (qald-6)},
  author={Unger, Christina and Ngomo, Axel-Cyrille Ngonga and Cabrio, Elena},
  booktitle={Semantic Web Evaluation Challenge},
  pages={171--177},
  year={2016}
}

@inproceedings{hemphill1990atis,
  title={The ATIS spoken language systems pilot corpus},
  author={Hemphill, Charles T and Godfrey, John J and Doddington, George R},
  booktitle={Speech and Natural Language: Proceedings of a Workshop Held at Hidden Valley, Pennsylvania, June 24-27, 1990},
  year={1990}
}

@inproceedings{berant2013semantic,
  title={Semantic parsing on freebase from question-answer pairs},
  author={Berant, Jonathan and Chou, Andrew and Frostig, Roy and Liang, Percy},
  booktitle={EMNLP},
  year={2013}
}




@inproceedings{chen2016sentence,
  title={Sentence rewriting for semantic parsing},
  author={Chen, Bo and Sun, Le and Han, Xianpei and An, Bo},
  booktitle={Proceedings of the 54th Annual Meeting of the Association for Computational Linguistics (Volume 1: Long Papers)},
  volume={1},
  pages={766--777},
  year={2016}
}

@article{su2017cross,
  title={Cross-domain semantic parsing via paraphrasing},
  author={Su, Yu and Yan, Xifeng},
  journal={arXiv preprint arXiv:1704.05974},
  year={2017}
}


@article{mccann2018natural,
  title={The natural language decathlon: Multitask learning as question answering},
  author={McCann, Bryan and Keskar, Nitish Shirish and Xiong, Caiming and Socher, Richard},
  journal={arXiv preprint arXiv:1806.08730},
  year={2018}
}

@article{peng2017deep,
  title={Deep multitask learning for semantic dependency parsing},
  author={Peng, Hao and Thomson, Sam and Smith, Noah A},
  journal={arXiv preprint arXiv:1704.06855},
  year={2017}
}


%sm

@inproceedings{nallapati2017summarunner,
  title={Summarunner: A recurrent neural network based sequence model for extractive summarization of documents},
  author={Nallapati, Ramesh and Zhai, Feifei and Zhou, Bowen},
  booktitle={AAAI},
  year={2017}
}

@inproceedings{narayan2018ranking,
  title={Ranking sentences for extractive summarization with reinforcement learning},
  author={Narayan, Shashi and Cohen, Shay B and Lapata, Mirella},
  booktitle={NAACL},
  year={2018}
}

@inproceedings{shi2018deepchannel,
  title={DeepChannel: Salience Estimation by Contrastive Learning for Extractive Document Summarization},
  author={Shi, Jiaxin and Liang, Chen and Hou, Lei and Li, Juanzi and Liu, Zhiyuan and Zhang, Hanwang},
  booktitle={AAAI},
  year={2018}
}

@inproceedings{chen2018fast,
  title={Fast abstractive summarization with reinforce-selected sentence rewriting},
  author={Chen, Yen-Chun and Bansal, Mohit},
  booktitle={ACL},
  year={2018}
}

@article{chang2019language,
  title={Language Model Pre-training for Hierarchical Document Representations},
  author={Chang, Ming-Wei and Toutanova, Kristina and Lee, Kenton and Devlin, Jacob},
  journal={arXiv preprint arXiv:1901.09128},
  year={2019}
}

@article{zhou2018neural,
  title={Neural document summarization by jointly learning to score and select sentences},
  author={Zhou, Qingyu and Yang, Nan and Wei, Furu and Huang, Shaohan and Zhou, Ming and Zhao, Tiejun},
  journal={arXiv preprint arXiv:1807.02305},
  year={2018}
}


@article{kryscinski2018improving,
  title={Improving abstraction in text summarization},
  author={Kry{\'s}ci{\'n}ski, Wojciech and Paulus, Romain and Xiong, Caiming and Socher, Richard},
  journal={arXiv preprint arXiv:1808.07913},
  year={2018}
}


@inproceedings{gehrmann2018bottom,
  title={Bottom-up abstractive summarization},
  author={Gehrmann, Sebastian and Deng, Yuntian and Rush, Alexander M},
  booktitle={EMNLP},
  year={2018}
}

@article{celikyilmaz2018deep,
  title={Deep communicating agents for abstractive summarization},
  author={Celikyilmaz, Asli and Bosselut, Antoine and He, Xiaodong and Choi, Yejin},
  journal={arXiv preprint arXiv:1803.10357},
  year={2018}
}


%extractive

@inproceedings{gillick2009scalable,
  title={A scalable global model for summarization},
  author={Gillick, Dan and Favre, Benoit},
  booktitle={Proceedings of the Workshop on Integer Linear Programming for Natural Langauge Processing},
  year={2009}
}

@inproceedings{wan2006improved,
  title={Improved affinity graph based multi-document summarization},
  author={Wan, Xiaojun and Yang, Jianwu},
  booktitle={Proceedings of the human language technology conference of the NAACL, Companion volume: Short papers},
  year={2006}
}

@article{erkan2004lexrank,
  title={Lexrank: Graph-based lexical centrality as salience in text summarization},
  author={Erkan, G{\"u}nes and Radev, Dragomir R},
  journal={Journal of artificial intelligence research},
  volume={22},
  year={2004}
}

@inproceedings{hsu2018unified,
  title={A unified model for extractive and abstractive summarization using inconsistency loss},
  author={Hsu, Wan-Ting and Lin, Chieh-Kai and Lee, Ming-Ying and Min, Kerui and Tang, Jing and Sun, Min},
  booktitle={ACL},
  year={2018}
}

@inproceedings{li2018improving,
  title={Improving Neural Abstractive Document Summarization with Explicit Information Selection Modeling},
  author={Li, Wei and Xiao, Xinyan and Lyu, Yajuan and Wang, Yuanzhuo},
  booktitle={EMNLP},
  year={2018}
}

@article{zhang2019pretraining,
  title={Pretraining-Based Natural Language Generation for Text Summarization},
  author={Zhang, Haoyu and Gong, Yeyun and Yan, Yu and Duan, Nan and Xu, Jianjun and Wang, Ji and Gong, Ming and Zhou, Ming},
  journal={arXiv preprint arXiv:1902.09243},
  year={2019}
}




@inproceedings{chopra2016abstractive,
  title={Abstractive sentence summarization with attentive recurrent neural networks},
  author={Chopra, Sumit and Auli, Michael and Rush, Alexander M},
  booktitle={NAACL-HLT},
  year={2016}
}

@article{colmenares2019headline,
  title={Headline Generation as a Sequence Prediction with Conditional Random Fields},
  author={Colmenares, Carlos A and Litvak, Marina and Mantrach, Amin and Silvestri, Fabrizio and Rodr{\i}guez, Horacio},
  journal={Multilingual Text Analysis: Challenges, Models, And Approaches},
  year={2019}
}


 
@inproceedings{lin2004rouge,
  title={Rouge: A package for automatic evaluation of summaries},
  author={Lin, Chin-Yew},
  booktitle={Text summarization branches out},
  year={2004}
}


@inproceedings{vaswani2017attention,
  title={Attention is all you need},
  author={Vaswani, Ashish and Shazeer, Noam and Parmar, Niki and Uszkoreit, Jakob and Jones, Llion and Gomez, Aidan N and Kaiser, {\L}ukasz and Polosukhin, Illia},
  booktitle={NIPS},
  year={2017}
}

@inproceedings{sutskever2014sequence,
  title={Sequence to sequence learning with neural networks},
  author={Sutskever, Ilya and Vinyals, Oriol and Le, Quoc V},
  booktitle={NIPS},
  year={2014}
}

@inproceedings{he2016deep,
  title={Deep residual learning for image recognition},
  author={He, Kaiming and Zhang, Xiangyu and Ren, Shaoqing and Sun, Jian},
  booktitle={CVPR},
  year={2016}
}

@article{ba2016layer,
  title={Layer normalization},
  author={Ba, Jimmy Lei and Kiros, Jamie Ryan and Hinton, Geoffrey E},
  journal={arXiv preprint arXiv:1607.06450},
  year={2016}
}




@article{och2004alignment,
  title={The alignment template approach to statistical machine translation},
  author={Och, Franz Josef and Ney, Hermann},
  journal={Computational linguistics},
  year={2004}
}

@article{wu2016google,
  title={Google's neural machine translation system: Bridging the gap between human and machine translation},
  author={Wu, Yonghui and Schuster, Mike and Chen, Zhifeng and Le, Quoc V and Norouzi, Mohammad and Macherey, Wolfgang and Krikun, Maxim and Cao, Yuan and Gao, Qin and Macherey, Klaus and others},
  journal={arXiv preprint arXiv:1609.08144},
  year={2016}
}

@inproceedings{williams2019neural,
  title={Neural Lexicons for Slot Tagging in Spoken Language Understanding},
  author={Williams, Kyle},
  booktitle={NAACL-HLT},
  year={2019}
}

@inproceedings{zhang2016keyphrase,
  title={Keyphrase extraction using deep recurrent neural networks on twitter},
  author={Zhang, Qi and Wang, Yang and Gong, Yeyun and Huang, Xuanjing},
  booktitle={EMNLP},
  year={2016}
}

@inproceedings{seo2016bidirectional,
  title={Bidirectional attention flow for machine comprehension},
  author={Seo, Minjoon and Kembhavi, Aniruddha and Farhadi, Ali and Hajishirzi, Hannaneh},
  booktitle={ICLR},
  year={2017}
}




@article{huang2009tagged,
  title={Tagged Chinese Gigaword Version 2.0, LDC2009T14},
  author={Huang, Chu-Ren},
  journal={Linguistic Data Consortium},
  year={2009}
}

@article{hu2015lcsts,
  title={Lcsts: A large scale chinese short text summarization dataset},
  author={Hu, Baotian and Chen, Qingcai and Zhu, Fangze},
  journal={arXiv preprint arXiv:1506.05865},
  year={2015}
}

@inproceedings{zhang2007comparative,
  title={A comparative study on key phrase extraction methods in automatic web site summarization},
  author={Zhang, Yongzheng and Milios, Evangelos and Zincir-Heywood, Nur},
  booktitle={JDIM},
  year={2007}
}

@inproceedings{kingma2014adam,
  title={Adam: A method for stochastic optimization},
  author={Kingma, Diederik P and Ba, Jimmy},
  booktitle={ICLR},
  year={2015}
}

@inproceedings{szegedy2016rethinking,
  title={Rethinking the inception architecture for computer vision},
  author={Szegedy, Christian and Vanhoucke, Vincent and Ioffe, Sergey and Shlens, Jon and Wojna, Zbigniew},
  booktitle={CVPR},
  year={2016}
}

@article{griffiths2004finding,
  title={Finding scientific topics},
  author={Griffiths, Thomas L and Steyvers, Mark},
  journal={Proceedings of the National academy of Sciences},
  year={2004}
}

@inproceedings{simonyan2015very,
  title={Very deep convolutional networks for large-scale image recognition},
  author={Simonyan, Karen and Zisserman, Andrew},
  booktitle={ICLR},
  year={2015}
}

@inproceedings{dong2019unified,
  title={Unified Language Model Pre-training for Natural Language Understanding and Generation},
  author={Dong, Li and Yang, Nan and Wang, Wenhui and Wei, Furu and Liu, Xiaodong and Wang, Yu and Gao, Jianfeng and Zhou, Ming and Hon, Hsiao-Wuen},
  booktitle={NeurIPS},
  year={2019}
}

@article{gehrmann2018bottom,
  title={Bottom-up abstractive summarization},
  author={Gehrmann, Sebastian and Deng, Yuntian and Rush, Alexander M},
  journal={arXiv preprint arXiv:1808.10792},
  year={2018}
}
@inproceedings{peters2018deep,
  title={Deep contextualized word representations},
  author={Peters, Matthew E and Neumann, Mark and Iyyer, Mohit and Gardner, Matt and Clark, Christopher and Lee, Kenton and Zettlemoyer, Luke},
  booktitle={NAACL},
  year={2018}
}

@article{liu2019text,
  title={Text summarization with pretrained encoders},
  author={Liu, Yang and Lapata, Mirella},
  journal={arXiv preprint arXiv:1908.08345},
  year={2019}
}

@article{zhang2019pegasus,
  title={PEGASUS: Pre-training with Extracted Gap-sentences for Abstractive Summarization},
  author={Zhang, Jingqing and Zhao, Yao and Saleh, Mohammad and Liu, Peter J},
  journal={arXiv preprint arXiv:1912.08777},
  year={2019}
}

@inproceedings{zhou2017neural,
  title={Neural question generation from text: A preliminary study},
  author={Zhou, Qingyu and Yang, Nan and Wei, Furu and Tan, Chuanqi and Bao, Hangbo and Zhou, Ming},
  booktitle={National CCF Conference on Natural Language Processing and Chinese Computing},
  pages={662--671},
  year={2017}
}

@inproceedings{du2018harvesting,
  title={Harvesting paragraph-level question-answer pairs from wikipedia},
  author={Du, Xinya and Cardie, Claire},
  booktitle={ACL},
  year={2018}
}

@inproceedings{zhao2018paragraph,
  title={Paragraph-level neural question generation with maxout pointer and gated self-attention networks},
  author={Zhao, Yao and Ni, Xiaochuan and Ding, Yuanyuan and Ke, Qifa},
  booktitle={EMNLP},
  year={2018}
}

@inproceedings{banerjee2005meteor,
  title={METEOR: An automatic metric for MT evaluation with improved correlation with human judgments},
  author={Banerjee, Satanjeev and Lavie, Alon},
  booktitle={Proceedings of the acl workshop on intrinsic and extrinsic evaluation measures for machine translation and/or summarization},
  pages={65--72},
  year={2005}
}

@inproceedings{pascanu2013difficulty,
  title={On the difficulty of training recurrent neural networks},
  author={Pascanu, Razvan and Mikolov, Tomas and Bengio, Yoshua},
  booktitle={ICML},
  year={2013}
}

@inproceedings{serdyuk2017twin,
  title={Twin Networks: Matching the future for sequence generation},
  author={Serdyuk, Dmitriy and Ke, Nan Rosemary and Sordoni, Alessandro and Trischler, Adam and Pal, Chris and Bengio, Yoshua},
  booktitle={ICLR},
  year={2018}
}

@inproceedings{gulcehre2017plan,
  title={Plan, attend, generate: Planning for sequence-to-sequence models},
  author={Gulcehre, Caglar and Dutil, Francis and Trischler, Adam and Bengio, Yoshua},
  booktitle={NIPS},
  year={2017}
}

@inproceedings{sutskever2014sequence,
  title={Sequence to sequence learning with neural networks},
  author={Sutskever, I and Vinyals, O and Le, QV},
  booktitle={NIPS},
  year={2014}
}

@book{sutton1998introduction,
  title={Introduction to reinforcement learning},
  author={Sutton, Richard S and Barto, Andrew G and others},
  volume={2},
  number={4},
  year={1998},
  publisher={MIT press Cambridge}
}

@inproceedings{rush2015neural,
  title={A neural attention model for abstractive sentence summarization},
  author={Rush, Alexander M and Chopra, Sumit and Weston, Jason},
  booktitle={EMNLP},
  year={2015}
}

@article{du2017learning,
  title={Learning to ask: Neural question generation for reading comprehension},
  author={Du, Xinya and Shao, Junru and Cardie, Claire},
  journal={arXiv preprint arXiv:1705.00106},
  year={2017}
}

@inproceedings{zhao2018paragraph,
  title={Paragraph-level neural question generation with maxout pointer and gated self-attention networks},
  author={Zhao, Yao and Ni, Xiaochuan and Ding, Yuanyuan and Ke, Qifa},
  booktitle={Proceedings of the 2018 Conference on Empirical Methods in Natural Language Processing},
  pages={3901--3910},
  year={2018}
}

@inproceedings{nallapati2017summarunner,
  title={Summarunner: A recurrent neural network based sequence model for extractive summarization of documents},
  author={Nallapati, Ramesh and Zhai, Feifei and Zhou, Bowen},
  booktitle={AAAI},
  year={2017}
}


@inproceedings{klein2017opennmt,
  title={Opennmt: Open-source toolkit for neural machine translation},
  author={Klein, Guillaume and Kim, Yoon and Deng, Yuntian and Senellart, Jean and Rush, Alexander M},
  booktitle={ACL},
  year={2017}
}

@inproceedings{cao2018retrieve,
  title={Retrieve, rerank and rewrite: Soft template based neural summarization},
  author={Cao, Ziqiang and Li, Wenjie and Li, Sujian and Wei, Furu},
  booktitle={ACL},
  year={2018}
}

@article{zhang2019addressing,
  title={Addressing Semantic Drift in Question Generation for Semi-Supervised Question Answering},
  author={Zhang, Shiyue and Bansal, Mohit},
  journal={arXiv preprint arXiv:1909.06356},
  year={2019}
}


@article{merity2017regularizing,
  title={Regularizing and optimizing LSTM language models},
  author={Merity, Stephen and Keskar, Nitish Shirish and Socher, Richard},
  journal={arXiv preprint arXiv:1708.02182},
  year={2017}
}

@article{krueger2016zoneout,
  title={Zoneout: Regularizing rnns by randomly preserving hidden activations},
  author={Krueger, David and Maharaj, Tegan and Kram{\'a}r, J{\'a}nos and Pezeshki, Mohammad and Ballas, Nicolas and Ke, Nan Rosemary and Goyal, Anirudh and Bengio, Yoshua and Courville, Aaron and Pal, Chris},
  journal={arXiv preprint arXiv:1606.01305},
  year={2016}
}

@article{oord2018representation,
  title={Representation learning with contrastive predictive coding},
  author={Oord, Aaron van den and Li, Yazhe and Vinyals, Oriol},
  journal={arXiv preprint arXiv:1807.03748},
  year={2018}
}