@article{abril2023pymc,
  title={{PyMC}: a modern, and comprehensive probabilistic programming framework in {P}ython},
  author={Abril-Pla, Oriol and Andreani, Virgile and Carroll, Colin and Dong, Larry and Fonnesbeck, Christopher J and Kochurov, Maxim and Kumar, Ravin and Lao, Junpeng and Luhmann, Christian C and Martin, Osvaldo A and others},
  journal={PeerJ Computer Science},
  volume={9},
  pages={e1516},
  year={2023},
  publisher={PeerJ Inc.}
}

@article{agrawal2020advances,
  title={Advances in black-box {VI}: Normalizing flows, importance weighting, and optimization},
  author={Agrawal, Abhinav and Sheldon, Daniel R and Domke, Justin},
  journal={Advances in Neural Information Processing Systems},
  volume={33},
  fpages={17358--17369},
  year={2020}
}

@manual{arpack1998,
  title = {{ARPACK Users' Guide: Solution of Large-Scale Eigenvalue Problems with Implicitly Restarted Arnoldi Methods}},
  author = {Lehoucq, R. B. and Sorensen, D. C. and Yang, C.},
  year = {1998},
  organization = {SIAM},
  note = {Available at \url{http://www.caam.rice.edu/software/ARPACK/}},
}

@article{archer2015black,
  title={Black box variational inference for state space models},
  author={Archer, Evan and Park, Il Memming and Buesing, Lars and Cunningham, John and Paninski, Liam},
  journal={arXiv preprint arXiv:1511.07367},
  year={2015}
}

@Article{Asi2019,
  author     = {Asi, Hilal and Duchi, John C.},
  journal    = {SIAM Journal on Optimization},
  title      = {Stochastic (approximate) proximal point methods: convergence, optimality, and adaptivity},
  year       = {2019},
  issn       = {1052-6234},
  number     = {3},
  pages      = {2257--2290},
  volume     = {29},
  fjournal   = {SIAM Journal on Optimization}
}

@article{locatello2018boosting,
  title={Boosting black box variational inference},
  author={Locatello, Francesco and Dresdner, Gideon and Khanna, Rajiv and Valera, Isabel and R{\"a}tsch, Gunnar},
  journal={Advances in Neural Information Processing Systems},
  volume={31},
  year={2018}
}

@article{barp2019minimum,
  title={Minimum {S}tein discrepancy estimators},
  author={Barp, Alessandro and Briol, Francois-Xavier and Duncan, Andrew and Girolami, Mark and Mackey, Lester},
  journal={Advances in Neural Information Processing Systems},
  volume={32},
  year={2019}
}

@article{berg2018sylvester,
  title={Sylvester normalizing flows for variational inference},
  author={Berg, Rianne van den and Hasenclever, Leonard and Tomczak, Jakub M and Welling, Max},
  journal={Uncertainty in Artificial Intelligence},
  year={2018}
}

@article{bhatia2022statistical,
  title={Statistical and Computational Trade-Offs in Variational Inference: A Case Study in Inferential Model Selection},
  author={Bhatia, Kush and Kuang, Nikki Lijing and Ma, Yi-An and Wang, Yixin},
  year={2022},
  month={July},
  eprint={2207.11208},
  archivePrefix={arXiv},
  primaryClass={stat.ML}
}


@article{bingham2019pyro,
  title={Pyro: Deep Universal Probabilistic Programming},
  author={Bingham, Eli and Chen, Jonathan P. and Jankowiak, Martin and Obermeyer, Fritz and Pradhan, Neeraj and Karaletsos, Theofanis and Singh, Rohit and Szerlip, Paul and Horsfall, Paul and Goodman, Noah D.},
  journal={The Journal of Machine Learning Research},
  volume={20},
  number={1},
  year={2019},
  pages={973-978}
}

@article{blei2017vi,
  author = {David M. Blei and Alp Kucukelbir and Jon D. McAuliffe},
  title = {Variational Inference: A Review for Statisticians},
  journal = {Journal of the American Statistical Association},
  volume = {112},
  number = {518},
  pages = {859-877},
  year = {2017}
}


@article{burroni2023sample,
  title={Sample Average Approximation for Black-Box {VI}},
  author={Burroni, Javier and Domke, Justin and Sheldon, Daniel},
  journal={arXiv preprint arXiv:2304.06803},
  year={2023}
}


@inproceedings{cai2024,
  title={Batch and match: black-box variational inference with a score-based divergence},
  author={Cai, Diana and Modi, Chirag and Pillaud-Vivien, Loucas and Margossian, Charles and  Gower, Robert and Blei, David and Saul, Lawrence},
  booktitle={International Conference on Machine Learning},
  year={2024}
}

@article{carpenter2017stan,
  title={Stan: A probabilistic programming language},
  author={Carpenter, Bob and Gelman, Andrew and Hoffman, Matthew D. and Lee, Daniel and Goodrich, Ben and Betancourt, Michael and Brubaker, Marcus and Guo, Jiqiang and Li, Peter and Riddell, Allen},
  journal={Journal of Statistical Software},
  volume={76},
  number={1},
  pages={1--32},
  year={2017}
}

@article{chretien2000kullback,
  title={Kullback proximal algorithms for maximum-likelihood estimation},
  author={Chr{\'e}tien, St{\'e}phane and Hero, Alfred OIII},
  journal={IEEE Transactions on Information Theory},
  volume={46},
  number={5},
  pages={1800--1810},
  year={2000},
  publisher={IEEE}
}


@techreport{cifar10,
  title={Learning multiple layers of features from tiny images},
  author={Krizhevsky, Alex},
  institution={University of Toronto},
  year={2009},
  publisher={Toronto, ON, Canada}
}

@book{courant1924methoden,
  title={Methoden der Mathematischen Physik},
  author={Courant, Richard and Hilbert, David},
  volume={1},
  year={1924},
  publisher={Julius Springer},
  address={Berlin}
}

@inproceedings{dai2016provable,
  title={Provable {B}ayesian inference via particle mirror descent},
  author={Dai, Bo and He, Niao and Dai, Hanjun and Song, Le},
  booktitle={Artificial Intelligence and Statistics},
  pages={985--994},
  year={2016},
  organization={PMLR}
}

@inproceedings{dai2019kernel,
  title={Kernel exponential family estimation via doubly dual embedding},
  author={Dai, Bo and Dai, Hanjun and Gretton, Arthur and Song, Le and Schuurmans, Dale and He, Niao},
  booktitle={International Conference on Artificial Intelligence and Statistics},
  fpages={2321--2330},
  year={2019},
  organization={PMLR}
}


@book{10.5555/130655,
author = {Daubechies, Ingrid},
title = {Ten lectures on wavelets},
year = {1992},
isbn = {0898712742},
publisher = {Society for Industrial and Applied Mathematics},
address = {USA}
}



@Article{Davis2019,
  author     = {Davis, Damek and Drusvyatskiy, Dmitriy},
  journal    = {SIAM J. Optim.},
  title      = {Stochastic model-based minimization of weakly convex functions},
  year       = {2019},
  fissn       = {1052-6234},
  number     = {1},
  pages      = {207--239},
  volume     = {29},
  fdoi        = {10.1137/18M1178244},
  fjournal   = {SIAM Journal on Optimization},
  groups     = {prox_point},
  mrclass    = {90C25 (65K05 65K10 90C15)},
  mrnumber   = {3902455},
  mrreviewer = {Wim van Ackooij},
}

@article{dhaka2020robust,
  title={Robust, accurate stochastic optimization for variational inference},
  author={Dhaka, Akash Kumar and Catalina, Alejandro and Andersen, Michael R and Magnusson, M{\aa}ns and Huggins, Jonathan and Vehtari, Aki},
  journal={Advances in Neural Information Processing Systems},
  volume={33},
  fpages={10961--10973},
  year={2020}
}
@article{dhaka2021challenges,
  title={Challenges and opportunities in high dimensional variational inference},
  author={Dhaka, Akash Kumar and Catalina, Alejandro and Welandawe, Manushi and Andersen, Michael R and Huggins, Jonathan and Vehtari, Aki},
  journal={Advances in Neural Information Processing Systems},
  volume={34},
  fpages={7787--7798},
  year={2021}
}

@article{dinh2016density,
  title={Density estimation using real {NVP}},
  author={Dinh, Laurent and Sohl-Dickstein, Jascha and Bengio, Samy},
  journal={International Conference on Learning Representations},
  year={2017}
}

@inproceedings{diao2023forward,
  title={Forward-backward {G}aussian variational inference via {JKO} in the {B}ures-{W}asserstein Space},
  author={Diao, Michael Ziyang and Balasubramanian, Krishna and Chewi, Sinho and Salim, Adil},
  booktitle={International Conference on Machine Learning},
  fpages={7960--7991},
  year={2023},
  organization={PMLR}
}

@article{domke2019provable,
  title={Provable Gradient Variance Guarantees for Black-Box Variational Inference},
  author={Domke, Justin},
  journal={Advances in Neural Information Processing Systems},
  volume={32},
  fpages={329--338},
  year={2019}
}

@article{domke2023provable,
  title={Provable Convergence Guarantees for Black-Box Variational Inference},
  author={Domke, Justin and Garrigos, Guillaume and Gower, Robert},
  journal={Advances in Neural Information Processing Systems},
  volume={36},
  year={2023}
}


@article{guo2016boosting,
  title={Boosting variational inference},
  author={Guo, Fangjian and Wang, Xiangyu and Fan, Kai and Broderick, Tamara and Dunson, David B},
  journal={arXiv preprint arXiv:1611.05559},
  year={2016}
}

@article{kingma2016improved,
  title={Improved variational inference with inverse autoregressive flow},
  author={Kingma, Durk P and Salimans, Tim and Jozefowicz, Rafal and Chen, Xi and Sutskever, Ilya and Welling, Max},
  journal={Advances in Neural Information Processing Systems},
  volume={29},
  year={2016}
}

@article{lambert2022variational,
  title={Variational inference via {W}asserstein gradient flows},
  author={Lambert, Marc and Chewi, Sinho and Bach, Francis and Bonnabel, Silv{\`e}re and Rigollet, Philippe},
  journal={Advances in Neural Information Processing Systems},
  volume={35},
  fpages={14434--14447},
  year={2022}
}

@inproceedings{louizos2017multiplicative,
  title={Multiplicative normalizing flows for variational {B}ayesian neural networks},
  author={Louizos, Christos and Welling, Max},
  booktitle={International Conference on Machine Learning},
  fpages={2218--2227},
  year={2017},
  organization={PMLR}
}

@article{giordano2015linear,
  title={Linear response methods for accurate covariance estimates from mean field variational {B}ayes},
  author={Giordano, Ryan J and Broderick, Tamara and Jordan, Michael I},
  journal={Advances in Neural Information Processing Systems},
  volume={28},
  year={2015}
}

@article{galy2021flexible,
  title={Flexible and efficient inference with particles for the variational Gaussian approximation},
  author={Galy-Fajou, Th{\'e}o and Perrone, Valerio and Opper, Manfred},
  journal={Entropy},
  volume={23},
  number={8},
  pages={990},
  year={2021},
  publisher={MDPI}
}

@inproceedings{ge2018turing,
  title={Turing: a language for flexible probabilistic inference},
  author={Ge, Hong and Xu, Kai and Ghahramani, Zoubin},
  booktitle={International Conference on Artificial Intelligence and Statistics},
  fpages={1682--1690},
  year={2018},
  organization={PMLR}
}

@article{gershman2012nonparametric,
  title={Nonparametric variational inference},
  author={Gershman, Samuel and Hoffman, Matt and Blei, David},
  journal={International Conference on Machine Learning},
  year={2012}
}

@article{giordano2023black,
  title={Black Box Variational Inference with a Deterministic Objective: Faster, More Accurate, and Even More Black Box},
  author={Giordano, Ryan and Ingram, Martin and Broderick, Tamara},
  journal={Journal of Machine Learning Research},
  volume={25},
  number={18},
  pages={1--39},
  year={2024}
}

@article{gorham2015measuring,
  title={Measuring sample quality with {S}tein's method},
  author={Gorham, Jackson and Mackey, Lester},
  journal={Advances in Neural Information Processing Systems},
  volume={28},
  year={2015}
}

@book{griffiths2018introduction,
  title={Introduction to Quantum Mechanics},
  author={Griffiths, David J and Schroeter, Darrell F},
  year={2018},
  publisher={Cambridge University Press}
}

@misc{handbookgrad,
      title={Handbook of Convergence Theorems for (Stochastic) Gradient Methods},
      author={Guillaume Garrigos and Robert M. Gower},
      year={2023},
      eprint={2301.11235},
      archivePrefix={arXiv},
      primaryClass={math.OC}
}


@article{hyvarinen2005estimation,
  title={Estimation of non-normalized statistical models by score matching.},
  author={Hyv{\"a}rinen, Aapo},
  journal={Journal of Machine Learning Research},
  volume={6},
  number={4},
  year={2005}
}

@software{jax2018github,
  author = {James Bradbury and Roy Frostig and Peter Hawkins and Matthew James Johnson and Chris Leary and Dougal Maclaurin and George Necula and Adam Paszke and Jake Vander{P}las and Skye Wanderman-{M}ilne and Qiao Zhang},
  title = {{JAX}: composable transformations of {P}ython+{N}um{P}y programs},
  url = {http://github.com/google/jax},
  version = {0.3.13},
  year = {2018},
}

@article{jones2009sinh,
  title={Sinh-arcsinh distributions},
  author={Jones, Chris and Pewsey, Arthur},
  journal={Biometrika},
  volume={96},
  number={4},
  pages={761--780},
  year={2009},
  publisher={Oxford University Press}
}

@article{jones2019sinh,
  title={The sinh-arcsinh normal distribution},
  author={Jones, Chris and Pewsey, Arthur},
  journal={Significance},
  volume={16},
  number={2},
  pages={6--7},
  year={2019},
  publisher={Oxford University Press}
}

@article{jordan1999vi,
  author = {M. I. Jordan and Z Ghahramani and T. S. Jaakkola and L. K. Saul},
  title = {An introduction to variational methods for graphical models},
  journal = {Machine Learning},
  volume = {37},
  pages = {183--233},
  year = {1999}
}

@article{kim2016deep,
  title={Deep directed generative models with energy-based probability estimation},
  author={Kim, Taesup and Bengio, Yoshua},
  journal={arXiv preprint arXiv:1606.03439},
  year={2016}
}

@article{kohler2021smooth,
  title={Smooth normalizing flows},
  author={K{\"o}hler, Jonas and Kr{\"a}mer, Andreas and No{\'e}, Frank},
  journal={Advances in Neural Information Processing Systems},
  volume={34},
  fpages={2796--2809},
  year={2021}
}

@article{lawson2019energy,
  title={Energy-inspired models: Learning with sampler-induced distributions},
  author={Lawson, John and Tucker, George and Dai, Bo and Ranganath, Rajesh},
  journal={Advances in Neural Information Processing Systems},
  volume={32},
  year={2019}
}

@article{lecun2006tutorial,
  title={A tutorial on energy-based learning},
  author={LeCun, Yann and Chopra, Sumit and Hadsell, Raia and Ranzato, M and Huang, Fujie},
  journal={Predicting Structured Data},
  volume={1},
  number={0},
  year={2006}
}

@inproceedings{khan2015kullback,
  title={Kullback-{L}eibler proximal variational inference},
  author={Khan, Mohammad Emtiyaz  and Baqu{\'e}, Pierre and Fleuret, Fran{\c{c}}ois and Fua, Pascal},
  booktitle={Advances in Neural Information Processing Systems},
  year={2015}
}

@inproceedings{khan2015faster,
  title={Faster stochastic variational inference using proximal-gradient methods with general divergence functions},
  author={Khan, Mohammad Emtiyaz and Babanezhad, Reza and Lin, Wu and Schmidt, Mark and Sugiyama, Masashi},
  booktitle={Uncertainty in Artificial Intelligence},
  year={2016}
}

@article{kim2023convergence,
  title={On the Convergence of Black-Box Variational Inference},
  author={Kim, K. and Oh, J. and Wu, K. and Ma, Y. and Gardner, J. R.},
  journal={Advances in Neural Information Processing Systems},
  volume={36},
  fpages={1--2},
  year={2023}
}


@inproceedings{kingma2013auto,
  title={Auto-encoding variational {B}ayes},
  author={Kingma, Diederik P and Welling, Max},
  booktitle={International Conference on Learning Representations},
  year={2014}
}

@inproceedings{kingma2014adam,
  title={Adam: A method for stochastic optimization},
  author={Kingma, Diederik P and Ba, Jimmy},
  booktitle={International Conference on Learning Representations},
  year={2015}
}

@article{kobyzev2020normalizing,
  title={Normalizing flows: An introduction and review of current methods},
  author={Kobyzev, Ivan and Prince, Simon JD and Brubaker, Marcus A},
  journal={IEEE Transactions on Pattern Analysis and Machine Intelligence},
  volume={43},
  number={11},
  pages={3964--3979},
  year={2020},
  publisher={IEEE}
}

@article{kucera1972quadratic,
  title = {On nonnegative definite solutions to matrix quadratic equations},
  author = {Vladimir Ku\v{c}era},
  journal = {Automatica},
  volume = {8},
  number = {4},
  year = {1972},
  pages = {413--423}
 }

 @article{kucera1972quadratic2,
  author={Vladimir Ku\v{c}era},
  journal={IEEE Transactions on Automatic Control},
  title={A contribution to matrix quadratic equations},
  year={1972},
  volume={17},
  number={3},
  pages={344-347}
}

@article{kucukelbir2017automatic,
  title={Automatic differentiation variational inference},
  author={Kucukelbir, Alp and Tran, Dustin and Ranganath, Rajesh and Gelman, Andrew and Blei, David M},
  journal={Journal of Machine Learning Research},
  year={2017}
}

@article{liu2016stein,
  title={Stein variational gradient descent:\ a general purpose {B}ayesian inference algorithm},
  author={Liu, Qiang and Wang, Dilin},
  journal={Advances in Neural Information Processing Systems},
  volume={29},
  year={2016}
}

@inproceedings{liu2016kernelized,
  title={A kernelized {S}tein discrepancy for goodness-of-fit tests},
  author={Liu, Qiang and Lee, Jason and Jordan, Michael},
  booktitle={International Conference on Machine Learning},
  fpages={276--284},
  year={2016},
  organization={PMLR}
}

@inproceedings{loconte2024subtractive,
  title={Subtractive Mixture Models via Squaring: Representation and Learning},
  author={Loconte, Lorenzo and Sladek, Aleksanteri M and Mengel, Stefan and Trapp, Martin and Solin, Arno and Gillis, Nicolas and Vergari, Antonio},
  booktitle={International Conference on Learning Representations},
  year={2024}
}

@article{lopez2018deep,
  title={Deep generative modeling for single-cell transcriptomics},
  author={Lopez, Romain and Regier, Jeffrey and Cole, Michael B and Jordan, Michael I and Yosef, Nir},
  journal={Nature Methods},
  volume={15},
  number={12},
  pages={1053--1058},
  year={2018},
  publisher={Nature Publishing Group US New York}
}

@misc{magnusson2022posteriordb,
  title={posteriordb: a set of posteriors for {B}ayesian inference and probabilistic programming},
  author={Magnusson, Mattias and Bürkner, Paul and Vehtari, Aki},
  month={November},
  year={2022},
  howpublished={\url{https://github.com/stan-dev/posteriordb}}
}

@inproceedings{miller2017variational,
  title={Variational boosting: Iteratively refining posterior approximations},
  author={Miller, Andrew C and Foti, Nicholas J and Adams, Ryan P},
  booktitle={International Conference on Machine Learning},
  pages={2420--2429},
  year={2017},
  organization={PMLR}
}



@article{Modi2023,
  title ={Variational Inference with {G}aussian Score Matching},
  author={Modi, Chirag and Margossian, Charles and Yao, Yuling and Gower, Robert and Blei, David and Saul, Lawrence},
  journal={Advances in Neural Information Processing Systems},
  volume={36},
  year={2023}
}

@article{mohamed2020monte,
  title={Monte Carlo gradient estimation in machine learning},
  author={Mohamed, Shakir and Rosca, Mihaela and Figurnov, Michael and Mnih, Andriy},
  journal={The Journal of Machine Learning Research},
  volume={21},
  number={1},
  pages={5183--5244},
  year={2020},
  publisher={JMLRORG}
}

@book{nemirovskii1983problem,
  title={Problem complexity and method efficiency in optimization},
  author={Nemirovskii, Arkadii and Yudin, David Borisovich},
  year={1983},
  publisher={John Wiley and Sons}
}

@inproceedings{novikov2021tensor,
  title={Tensor-train density estimation},
  author={Novikov, Georgii S and Panov, Maxim E and Oseledets, Ivan V},
  booktitle={Uncertainty in Artificial Intelligence},
  pages={1321--1331},
  year={2021},
  organization={PMLR}
}

@article{opper2003variational,
  title={Variational linear response},
  author={Opper, Manfred and Winther, Ole},
  journal={Advances in Neural Information Processing Systems},
  volume={16},
  year={2003}
}
@article{papamakarios2021normalizing,
  title={Normalizing flows for probabilistic modeling and inference},
  author={Papamakarios, George and Nalisnick, Eric and Rezende, Danilo Jimenez and Mohamed, Shakir and Lakshminarayanan, Balaji},
  journal={Journal of Machine Learning Research},
  volume={22},
  number={57},
  pages={1--64},
  year={2021}
}


@book{parisi1988statmech,
  author = {G. Parisi},
  title = {Statistical Field Theory},
  year ={1988},
  publisher = {Addison Wesley}
}

@article{potter1966quadratic,
  author = {J. E. Potter},
  journal = {SIAM Journal of Applied Mathematics},
  title = {Matrix quadratic solutions},
  volume = {14},
  number = {3},
  year = {1966},
  pages = {496--501}
}

@article{qiao2010study,
  title={A study on invariance of $f$-divergence and its application to speech recognition},
  author={Qiao, Yu and Minematsu, Nobuaki},
  journal={IEEE Transactions on Signal Processing},
  volume={58},
  number={7},
  pages={3884--3890},
  year={2010},
  publisher={IEEE}
}

@inproceedings{ranganath2014black,
  title={Black box variational inference},
  author={Ranganath, Rajesh and Gerrish, Sean and Blei, David},
  booktitle={Artificial Intelligence and Statistics},
  pages={814--822},
  year={2014},
  organization={PMLR}
}

@article{regier2017fast,
  title={Fast black-box variational inference through stochastic trust-region optimization},
  author={Regier, Jeffrey and Jordan, Michael I and McAuliffe, Jon},
  journal={Advances in Neural Information Processing Systems},
  volume={30},
  year={2017}
}

@inproceedings{rezende2014stochastic,
  title={Stochastic backpropagation and approximate inference in deep generative models},
  author={Rezende, Danilo Jimenez and Mohamed, Shakir and Wierstra, Daan},
  booktitle={International Conference on Machine Learning},
  fpages={1278--1286},
  year={2014},
  organization={PMLR}
}
@inproceedings{rezende2015variational,
  title={Variational inference with normalizing flows},
  author={Rezende, Danilo and Mohamed, Shakir},
  booktitle={International Conference on Machine Learning},
  fpages={1530--1538},
  year={2015},
  organization={PMLR}
}

@misc{roualdes2023bridgestan,
  title={Bridge{S}tan: Efficient in-memory access to {S}tan programs through {P}ython, {J}ulia, and {R}},
  author={Roualdes, Eric and Ward, Ben and Axen, Scott and Carpenter, Bob},
  month={March},
  year={2023},
  howpublished={\url{https://github.com/roualdes/bridgestan}}
}

@inproceedings{ryder2018black,
  title={Black-box variational inference for stochastic differential equations},
  author={Ryder, Tom and Golightly, Andrew and McGough, A Stephen and Prangle, Dennis},
  booktitle={International Conference on Machine Learning},
  fpages={4423--4432},
  year={2018},
  organization={PMLR}
}


@article{salvatier2016probabilistic,
  title={Probabilistic Programming in {P}ython using {PyMC3}},
  author={Salvatier, John and Wiecki, Thomas V. and Fonnesbeck, Christopher},
  journal={PeerJ Computer Science},
  volume={2},
  pages={e55},
  year={2016}
}

@article{shun1995laplace,
  title={Laplace approximation of high dimensional integrals},
  author={Shun, Zhenming and McCullagh, Peter},
  journal={Journal of the Royal Statistical Society Series B: Statistical Methodology},
  volume={57},
  number={4},
  pages={749--760},
  year={1995},
  publisher={Oxford University Press}
}


@article{shurbet1974quadratic,
  title={Quadratic matrix equations},
  author={Shurbet, GL and Lewis, TO and Boullion, TL},
  journal={The Ohio Journal of Science},
  volume={74},
  number={5},
  year={1974}
}

@article{song2019generative,
  title={Generative modeling by estimating gradients of the data distribution},
  author={Song, Yang and Ermon, Stefano},
  journal={Advances in Neural Information Processing Systems},
  volume={32},
  year={2019}
}

@inproceedings{theis2015trust,
  title={A trust-region method for stochastic variational inference with applications to streaming data},
  author={Theis, Lucas and Hoffman, Matt},
  booktitle={International Conference on Machine Learning},
  fpages={2503--2511},
  year={2015},
  organization={PMLR}
}

@inproceedings{titsias2014doubly,
  title={Doubly stochastic variational {B}ayes for non-conjugate inference},
  author={Titsias, Michalis and L{\'a}zaro-Gredilla, Miguel},
  booktitle={International Conference on Machine Learning},
  fpages={1971--1979},
  year={2014},
  organization={PMLR}
}

@book{tomczak2022deep,
  author = {Tomczak, Jakub M},
  title = {Deep Generative Modeling},
  publisher = {Springer},
  year = {2022}
}

@article{tseng2004analysis,
  title={An analysis of the {EM} algorithm and entropy-like proximal point methods},
  author={Tseng, Paul},
  journal={Mathematics of Operations Research},
  volume={29},
  number={1},
  pages={27--44},
  year={2004},
  publisher={INFORMS}
}

@article{wainwright2008graphical,
  title={Graphical models, exponential families, and variational inference},
  author={Wainwright, Martin J and Jordan, Michael I and others},
  journal={Foundations and Trends{\textregistered} in Machine Learning},
  volume={1},
  number={1--2},
  pages={1--305},
  year={2008},
  publisher={Now Publishers, Inc.}
}

@inproceedings{wang2022dual,
  title={Dual control variate for faster black-box variational inference},
  author={Wang, Xi and Geffner, Tomas and Domke, Justin},
  booktitle = {International Conference on Artificial Intelligence and Statistics},
  year={2024}
}


@article{welandawe2022robust,
  title={A Framework for Improving the Reliability of Black-box Variational Inference},
  author={Welandawe, Manushi and Andersen, Michael Riis and Vehtari, Aki and Huggins, Jonathan H},
  journal={arXiv preprint arXiv:2203.15945},
  year={2022}
}

@article{xu2022computational,
  title={The Computational Asymptotics of {G}aussian Variational Inference and
      the {L}aplace Approximation},
  author={Xu, Zuheng and Campbell, Trevor},
  journal={Statistics and Computing},
  volume={32},
  number={4},
  pages={63},
  year={2022}
}

@article{yang2019variational,
  title={Variational approximations using {F}isher divergence},
  author={Yang, Yue and Martin, Ryan and Bondell, Howard},
  journal={arXiv preprint arXiv:1905.05284},
  year={2019}
}

@article{yuan2021quadratic,
title = {The solutions to the quadratic matrix equation {X*AX+B*X+D=0}},
journal = {Applied Mathematics and Computation},
volume = {410},
pages = {126463},
year = {2021},
author = {Yongxin Yuan and Lina Liu and Huiting Zhang and Hao Liu}
}

@inproceedings{yu2023semiimplicit,
title={Semi-Implicit Variational Inference via Score Matching},
author={Longlin Yu and Cheng Zhang},
booktitle={International Conference on Learning Representations},
year={2023}
}

@inproceedings{Zeghal2022npe,
    author = "Zeghal, Justine and Lanusse, Fran\c{c}ois and Boucaud, Alexandre and Remy, Benjamin and Aubourg, Eric",
    title = "{Neural Posterior Estimation with Differentiable Simulators}",
    booktitle = "{International Conference on Machine Learning Conference}",
    eprint = "2207.05636",
    archivePrefix = "arXiv",
    primaryClass = "astro-ph.IM",
    month = "7",
    year = "2022"
}


@article{zhang2018variational,
  title={Variational {H}amiltonian {M}onte {C}arlo via score matching},
  author={Zhang, Cheng and Shahbaba, Babak and Zhao, Hongkai},
  journal={Bayesian Analysis},
  volume={13},
  number={2},
  pages={485},
  year={2018}
}


@article{zhang2022pathfinder,
  title={Pathfinder: Parallel quasi-Newton variational inference},
  author={Zhang, Lu and Carpenter, Bob and Gelman, Andrew and Vehtari, Aki},
  journal={Journal of Machine Learning Research},
  volume={23},
  number={306},
  pages={1--49},
  year={2022}
}

@article{zhu1998filters,
  title={Filters, random fields and maximum entropy ({FRAME}): Towards a unified theory for texture modeling},
  author={Zhu, Song Chun and Wu, Yingnian and Mumford, David},
  journal={International Journal of Computer Vision},
  volume={27},
  pages={107--126},
  year={1998},
  publisher={Springer}
}


@article{zoltowski2021slice,
  title={Slice sampling reparameterization gradients},
  author={Zoltowski, David and Cai, Diana and Adams, Ryan P},
  journal={Advances in Neural Information Processing Systems},
  volume={34},
  pages={23532--23544},
  year={2021}
}
