@inproceedings{instructpix2pix,
  title={Instructpix2pix: Learning to follow image editing instructions},
  author={Brooks, Tim and Holynski, Aleksander and Efros, Alexei A},
  booktitle={Proceedings of the IEEE/CVF Conference on Computer Vision and Pattern Recognition},
  pages={18392--18402},
  year={2023}
}
@misc{sfhq,
  title={Synthetic faces high quality (sfhq) dataset},
  author={Beniaguev, David},
  year={2022},
  publisher={SFHQ-dataset},
  url={https://github.com/SelfishGene/SFHQ-dataset}
}
@article{lsun,
  title={Knowledge guided disambiguation for large-scale scene classification with multi-resolution CNNs},
  author={Wang, Limin and Guo, Sheng and Huang, Weilin and Xiong, Yuanjun and Qiao, Yu},
  journal={IEEE Transactions on Image Processing},
  volume={26},
  number={4},
  pages={2055--2068},
  year={2017},
  publisher={IEEE}
}
@article{nguyen2024visual,
  title={Visual instruction inversion: Image editing via image prompting},
  author={Nguyen, Thao and Li, Yuheng and Ojha, Utkarsh and Lee, Yong Jae},
  journal={Advances in Neural Information Processing Systems},
  volume={36},
  year={2024}
}
@inproceedings{
pis,
title={Path Integral Sampler: A Stochastic Control Approach For Sampling},
author={Qinsheng Zhang and Yongxin Chen},
booktitle={International Conference on Learning Representations},
year={2022},
url={https://openreview.net/forum?id=_uCb2ynRu7Y}
}
@inproceedings{tzen2019theoretical,
  title={Theoretical guarantees for sampling and inference in generative models with latent diffusions},
  author={Tzen, Belinda and Raginsky, Maxim},
  booktitle={Conference on Learning Theory},
  pages={3084--3114},
  year={2019},
  organization={PMLR}
}
@inproceedings{mmdit,
  title={Scalable diffusion models with transformers},
  author={Peebles, William and Xie, Saining},
  booktitle={Proceedings of the IEEE/CVF International Conference on Computer Vision},
  pages={4195--4205},
  year={2023}
}
@article{interpolants2,
  title={Stochastic interpolants: A unifying framework for flows and diffusions},
  author={Albergo, Michael S and Boffi, Nicholas M and Vanden-Eijnden, Eric},
  journal={arXiv preprint arXiv:2303.08797},
  year={2023}
}
@inproceedings{ju2023humansd,
  title={Humansd: A native skeleton-guided diffusion model for human image generation},
  author={Ju, Xuan and Zeng, Ailing and Zhao, Chenchen and Wang, Jianan and Zhang, Lei and Xu, Qiang},
  booktitle={Proceedings of the IEEE/CVF International Conference on Computer Vision},
  pages={15988--15998},
  year={2023}
}
@inproceedings{cyclediffusion,
  title={A latent space of stochastic diffusion models for zero-shot image editing and guidance},
  author={Wu, Chen Henry and De la Torre, Fernando},
  booktitle={Proceedings of the IEEE/CVF International Conference on Computer Vision},
  pages={7378--7387},
  year={2023}
}
@article{negprompt,
  title={Negative-prompt inversion: Fast image inversion for editing with text-guided diffusion models},
  author={Miyake, Daiki and Iohara, Akihiro and Saito, Yu and Tanaka, Toshiyuki},
  journal={arXiv preprint arXiv:2305.16807},
  year={2023}
}
@inproceedings{pnp,
  title={Plug-and-play diffusion features for text-driven image-to-image translation},
  author={Tumanyan, Narek and Geyer, Michal and Bagon, Shai and Dekel, Tali},
  booktitle={Proceedings of the IEEE/CVF Conference on Computer Vision and Pattern Recognition},
  pages={1921--1930},
  year={2023}
}
@inproceedings{leditspp,
  title={Ledits++: Limitless image editing using text-to-image models},
  author={Brack, Manuel and Friedrich, Felix and Kornmeier, Katharia and Tsaban, Linoy and Schramowski, Patrick and Kersting, Kristian and Passos, Apolin{\'a}rio},
  booktitle={Proceedings of the IEEE/CVF Conference on Computer Vision and Pattern Recognition},
  pages={8861--8870},
  year={2024}
}
@article{neuralode,
  title={Neural ordinary differential equations},
  author={Chen, Ricky TQ and Rubanova, Yulia and Bettencourt, Jesse and Duvenaud, David K},
  journal={Advances in neural information processing systems},
  volume={31},
  year={2018}
}
@inproceedings{interpolant,
  title={Building Normalizing Flows with Stochastic Interpolants},
  author={Albergo, Michael Samuel and Vanden-Eijnden, Eric},
  booktitle={The Eleventh International Conference on Learning Representations},
  year={2023}
}
@inproceedings{sd3,
  title={Scaling rectified flow transformers for high-resolution image synthesis},
  author={Esser, Patrick and Kulal, Sumith and Blattmann, Andreas and Entezari, Rahim and M{\"u}ller, Jonas and Saini, Harry and Levi, Yam and Lorenz, Dominik and Sauer, Axel and Boesel, Frederic and others},
  booktitle={Forty-first International Conference on Machine Learning},
  year={2024}
}
@inproceedings{diffedit,
  title={DiffEdit: Diffusion-based Semantic Image Editing with Mask Guidance},
  author={Couairon, Guillaume and Verbeek, Jakob and Schwenk, Holger and Cord, Matthieu},
  booktitle={ICLR 2023 (Eleventh International Conference on Learning Representations)},
  year={2023}
}
@inproceedings{karras2024analyzing,
  title={Analyzing and improving the training dynamics of diffusion models},
  author={Karras, Tero and Aittala, Miika and Lehtinen, Jaakko and Hellsten, Janne and Aila, Timo and Laine, Samuli},
  booktitle={Proceedings of the IEEE/CVF Conference on Computer Vision and Pattern Recognition},
  pages={24174--24184},
  year={2024}
}
@article{rbm,
  title={RB-Modulation: Training-Free Personalization of Diffusion Models using Stochastic Optimal Control},
  author={Rout, Litu and Chen, Yujia and Ruiz, Nataniel and Kumar, Abhishek and Caramanis, Constantine and Shakkottai, Sanjay and Chu, Wen-Sheng},
  journal={arXiv preprint arXiv:2405.17401},
  year={2024}
}
@inproceedings{sdedit,
  title={SDEdit: Guided Image Synthesis and Editing with Stochastic Differential Equations},
  author={Meng, Chenlin and He, Yutong and Song, Yang and Song, Jiaming and Wu, Jiajun and Zhu, Jun-Yan and Ermon, Stefano},
  booktitle={International Conference on Learning Representations},
  year={2022}
}
@inproceedings{rectflow,
  title={Flow Straight and Fast: Learning to Generate and Transfer Data with Rectified Flow},
  author={Liu, Xingchao and Gong, Chengyue and others},
  booktitle={The Eleventh International Conference on Learning Representations},
  year={2022}
}

@inproceedings{ruiz2024hyperdreambooth,
  title={Hyperdreambooth: Hypernetworks for fast personalization of text-to-image models},
  author={Ruiz, Nataniel and Li, Yuanzhen and Jampani, Varun and Wei, Wei and Hou, Tingbo and Pritch, Yael and Wadhwa, Neal and Rubinstein, Michael and Aberman, Kfir},
  booktitle={Proceedings of the IEEE/CVF Conference on Computer Vision and Pattern Recognition},
  pages={6527--6536},
  year={2024}
}

@article{tang2023realfill,
  title={Realfill: Reference-driven generation for authentic image completion},
  author={Tang, Luming and Ruiz, Nataniel and Chu, Qinghao and Li, Yuanzhen and Holynski, Aleksander and Jacobs, David E and Hariharan, Bharath and Pritch, Yael and Wadhwa, Neal and Aberman, Kfir and others},
  journal={arXiv preprint arXiv:2309.16668},
  year={2023}
}

@article{basar2020lecture,
  title={Lecture notes on control system theory and design},
  author={Basar, Tamer and Meyn, Sean and Perkins, William R},
  journal={arXiv preprint arXiv:2007.01367},
  year={2020}
}
@book{fleming2012deterministic,
  title={Deterministic and stochastic optimal control},
  author={Fleming, Wendell H and Rishel, Raymond W},
  volume={1},
  year={1975},
  publisher={Springer Science \& Business Media}
}
@article{lipman2022flow,
  title={Flow matching for generative modeling},
  author={Lipman, Yaron and Chen, Ricky TQ and Ben-Hamu, Heli and Nickel, Maximilian and Le, Matt},
  journal={arXiv preprint arXiv:2210.02747},
  year={2022}
}
@article{gal2022image,
  title={An image is worth one word: Personalizing text-to-image generation using textual inversion},
  author={Gal, Rinon and Alaluf, Yuval and Atzmon, Yuval and Patashnik, Or and Bermano, Amit H and Chechik, Gal and Cohen-Or, Daniel},
  journal={arXiv preprint arXiv:2208.01618},
  year={2022}
}

@article{indi,
  title={Inversion by Direct Iteration: An Alternative to Denoising Diffusion for Image Restoration},
  author={Delbracio, Mauricio and Milanfar, Peyman},
  journal={Transactions on Machine Learning Research},
  year={2023}
}
@inproceedings{zhang2022fast,
  title={Fast Sampling of Diffusion Models with Exponential Integrator},
  author={Zhang, Qinsheng and Chen, Yongxin},
  booktitle={The Eleventh International Conference on Learning Representations},
  year={2022}
}
@article{edm,
  title={Elucidating the design space of diffusion-based generative models},
  author={Karras, Tero and Aittala, Miika and Aila, Timo and Laine, Samuli},
  journal={Advances in Neural Information Processing Systems},
  volume={35},
  pages={26565--26577},
  year={2022}
}
@inproceedings{bridge,
  title={Generative Modeling with Phase Stochastic Bridge},
  author={Chen, Tianrong and Gu, Jiatao and Dinh, Laurent and Theodorou, Evangelos and Susskind, Joshua M and Zhai, Shuangfei},
  booktitle={The Twelfth International Conference on Learning Representations},
  year={2023}
}
@article{kappen2008stochastic,
  title={Stochastic optimal control theory},
  author={Kappen, HJ},
  journal={ICML, Helsinki, Radbound University, Nijmegen, Netherlands},
  year={2008}
}
@book{carmona2016lectures,
  title={Lectures on BSDEs, stochastic control, and stochastic differential games with financial applications},
  author={Carmona, Ren{\'e}},
  year={2016},
  publisher={SIAM}
}
@book{villani2009optimal,
  title={Optimal transport: old and new},
  author={Villani, C{\'e}dric and others},
  volume={338},
  year={2009},
  publisher={Springer}
}
@book{carmona2018probabilistic,
  title={Probabilistic theory of mean field games with applications I-II},
  author={Carmona, Ren{\'e} and Delarue, Fran{\c{c}}ois and others},
  year={2018},
  publisher={Springer}
}
@article{theodorou2011iterative,
  title={An iterative path integral stochastic optimal control approach for learning robotic tasks},
  author={Theodorou, Evangelos and Stulp, Freek and Buchli, Jonas and Schaal, Stefan},
  journal={IFAC Proceedings Volumes},
  volume={44},
  number={1},
  pages={11594--11601},
  year={2011},
  publisher={Elsevier}
}
@article{chaudhari2018deep,
  title={Deep relaxation: partial differential equations for optimizing deep neural networks},
  author={Chaudhari, Pratik and Oberman, Adam and Osher, Stanley and Soatto, Stefano and Carlier, Guillaume},
  journal={Research in the Mathematical Sciences},
  volume={5},
  pages={1--30},
  year={2018},
  publisher={Springer}
}
@article{mitter1996filtering,
  title={Filtering and stochastic control: A historical perspective},
  author={Mitter, Sanjoy K},
  journal={IEEE Control Systems Magazine},
  volume={16},
  number={3},
  pages={67--76},
  year={1996},
  publisher={IEEE}
}
@article{holdijk2024stochastic,
  title={Stochastic Optimal Control for Collective Variable Free Sampling of Molecular Transition Paths},
  author={Holdijk, Lars and Du, Yuanqi and Hooft, Ferry and Jaini, Priyank and Ensing, Berend and Welling, Max},
  journal={Advances in Neural Information Processing Systems},
  volume={36},
  year={2024}
}
@article{hartmann2012efficient,
  title={Efficient rare event simulation by optimal nonequilibrium forcing},
  author={Hartmann, Carsten and Sch{\"u}tte, Christof},
  journal={Journal of Statistical Mechanics: Theory and Experiment},
  volume={2012},
  number={11},
  pages={P11004},
  year={2012},
  publisher={IOP Publishing}
}
@article{hartmann2013characterization,
  title={Characterization of rare events in molecular dynamics},
  author={Hartmann, Carsten and Banisch, Ralf and Sarich, Marco and Badowski, Tomasz and Sch{\"u}tte, Christof},
  journal={Entropy},
  volume={16},
  number={1},
  pages={350--376},
  year={2013},
  publisher={Molecular Diversity Preservation International (MDPI)}
}
@inproceedings{AdaIn,
  title={Arbitrary style transfer in real-time with adaptive instance normalization},
  author={Huang, Xun and Belongie, Serge},
  booktitle={Proceedings of the IEEE international conference on computer vision},
  pages={1501--1510},
  year={2017}
}
@inproceedings{sdxl,
  title={SDXL: Improving Latent Diffusion Models for High-Resolution Image Synthesis},
  author={Podell, Dustin and English, Zion and Lacey, Kyle and Blattmann, Andreas and Dockhorn, Tim and M{\"u}ller, Jonas and Penna, Joe and Rombach, Robin},
  booktitle={The Twelfth International Conference on Learning Representations},
  year={2023}
}
@article{parti,
  title={Scaling Autoregressive Models for Content-Rich Text-to-Image Generation},
  author={Yu, Jiahui and Xu, Yuanzhong and Koh, Jing Yu and Luong, Thang and Baid, Gunjan and Wang, Zirui and Vasudevan, Vijay and Ku, Alexander and Yang, Yinfei and Ayan, Burcu Karagol and others},
  journal={Transactions on Machine Learning Research},
  year={2022}
}
@inproceedings{everaert2023diffusion,
  title={Diffusion in style},
  author={Everaert, Martin Nicolas and Bocchio, Marco and Arpa, Sami and S{\"u}sstrunk, Sabine and Achanta, Radhakrishna},
  booktitle={Proceedings of the IEEE/CVF International Conference on Computer Vision},
  pages={2251--2261},
  year={2023}
}
@inproceedings{multi-concept,
  title={Multi-concept customization of text-to-image diffusion},
  author={Kumari, Nupur and Zhang, Bingliang and Zhang, Richard and Shechtman, Eli and Zhu, Jun-Yan},
  booktitle={Proceedings of the IEEE/CVF Conference on Computer Vision and Pattern Recognition},
  pages={1931--1941},
  year={2023}
}
@inproceedings{key,
  title={Key-locked rank one editing for text-to-image personalization},
  author={Tewel, Yoad and Gal, Rinon and Chechik, Gal and Atzmon, Yuval},
  booktitle={ACM SIGGRAPH 2023 Conference Proceedings},
  pages={1--11},
  year={2023}
}
@inproceedings{glide,
  title={GLIDE: Towards Photorealistic Image Generation and Editing with Text-Guided Diffusion Models},
  author={Nichol, Alexander Quinn and Dhariwal, Prafulla and Ramesh, Aditya and Shyam, Pranav and Mishkin, Pamela and Mcgrew, Bob and Sutskever, Ilya and Chen, Mark},
  booktitle={International Conference on Machine Learning},
  pages={16784--16804},
  year={2022},
  organization={PMLR}
}
@inproceedings{muse,
  title={Muse: Text-to-image generation via masked generative transformers},
  author={Chang, Huiwen and Zhang, Han and Barber, Jarred and Maschinot, AJ and Lezama, Jos{\'e} and Jiang, Lu and Yang, Ming-Hsuan and Murphy, Kevin and Freeman, William T and Rubinstein, Michael and others},
  booktitle={Proceedings of the 40th International Conference on Machine Learning},
  pages={4055--4075},
  year={2023}
}
@article{zhang2020portrait,
  title={Portrait shadow manipulation},
  author={Zhang, Xuaner and Barron, Jonathan T and Tsai, Yun-Ta and Pandey, Rohit and Zhang, Xiuming and Ng, Ren and Jacobs, David E},
  journal={ACM Transactions on Graphics (TOG)},
  volume={39},
  number={4},
  pages={78--1},
  year={2020},
  publisher={ACM New York, NY, USA}
}
@inproceedings{
pearce2023imitating,
title={Imitating Human Behaviour with Diffusion Models},
author={Tim Pearce and Tabish Rashid and Anssi Kanervisto and Dave Bignell and Mingfei Sun and Raluca Georgescu and Sergio Valcarcel Macua and Shan Zheng Tan and Ida Momennejad and Katja Hofmann and Sam Devlin},
booktitle={The Eleventh International Conference on Learning Representations },
year={2023},
url={https://openreview.net/forum?id=Pv1GPQzRrC8}
}
@article{imagereward,
  title={Imagereward: Learning and evaluating human preferences for text-to-image generation},
  author={Xu, Jiazheng and Liu, Xiao and Wu, Yuchen and Tong, Yuxuan and Li, Qinkai and Ding, Ming and Tang, Jie and Dong, Yuxiao},
  journal={Advances in Neural Information Processing Systems},
  volume={36},
  year={2024}
}
@article{instantid,
  title={Instantid: Zero-shot identity-preserving generation in seconds},
  author={Wang, Qixun and Bai, Xu and Wang, Haofan and Qin, Zekui and Chen, Anthony},
  journal={arXiv preprint arXiv:2401.07519},
  year={2024}
}
@inproceedings{clip,
  title={Learning transferable visual models from natural language supervision},
  author={Radford, Alec and Kim, Jong Wook and Hallacy, Chris and Ramesh, Aditya and Goh, Gabriel and Agarwal, Sandhini and Sastry, Girish and Askell, Amanda and Mishkin, Pamela and Clark, Jack and others},
  booktitle={International conference on machine learning},
  pages={8748--8763},
  year={2021},
  organization={PMLR}
}
@inproceedings{dino,
  title={Emerging properties in self-supervised vision transformers},
  author={Caron, Mathilde and Touvron, Hugo and Misra, Ishan and J{\'e}gou, Herv{\'e} and Mairal, Julien and Bojanowski, Piotr and Joulin, Armand},
  booktitle={Proceedings of the IEEE/CVF international conference on computer vision},
  pages={9650--9660},
  year={2021}
}
@article{laion5b,
  title={Laion-5b: An open large-scale dataset for training next generation image-text models},
  author={Schuhmann, Christoph and Beaumont, Romain and Vencu, Richard and Gordon, Cade and Wightman, Ross and Cherti, Mehdi and Coombes, Theo and Katta, Aarush and Mullis, Clayton and Wortsman, Mitchell and others},
  journal={Advances in Neural Information Processing Systems},
  volume={35},
  pages={25278--25294},
  year={2022}
}
@article{csd,
  title={Measuring Style Similarity in Diffusion Models},
  author={Somepalli, Gowthami and Gupta, Anubhav and Gupta, Kamal and Palta, Shramay and Goldblum, Micah and Geiping, Jonas and Shrivastava, Abhinav and Goldstein, Tom},
  journal={arXiv preprint arXiv:2404.01292},
  year={2024}
}
@inproceedings{
sc,
title={W\"urstchen: An Efficient Architecture for Large-Scale Text-to-Image Diffusion Models},
author={Pablo Pernias and Dominic Rampas and Mats Leon Richter and Christopher Pal and Marc Aubreville},
booktitle={The Twelfth International Conference on Learning Representations},
year={2024},
url={https://openreview.net/forum?id=gU58d5QeGv}
}
@inproceedings{controlnet,
  title={Adding conditional control to text-to-image diffusion models},
  author={Zhang, Lvmin and Rao, Anyi and Agrawala, Maneesh},
  booktitle={Proceedings of the IEEE/CVF International Conference on Computer Vision},
  pages={3836--3847},
  year={2023}
}
@inproceedings{lora,
  title={LoRA: Low-Rank Adaptation of Large Language Models},
  author={Hu, Edward J and Wallis, Phillip and Allen-Zhu, Zeyuan and Li, Yuanzhi and Wang, Shean and Wang, Lu and Chen, Weizhu and others},
  booktitle={International Conference on Learning Representations},
  year={2021}
}
@article{ziplora,
  title={{ZipLoRA}: Any subject in any style by effectively merging loras},
  author={Shah, Viraj and Ruiz, Nataniel and Cole, Forrester and Lu, Erika and Lazebnik, Svetlana and Li, Yuanzhen and Jampani, Varun},
  journal={arXiv preprint arXiv:2311.13600},
  year={2023}
}
@article{ipadapter,
  title={Ip-adapter: Text compatible image prompt adapter for text-to-image diffusion models},
  author={Ye, Hu and Zhang, Jun and Liu, Sibo and Han, Xiao and Yang, Wei},
  journal={arXiv preprint arXiv:2308.06721},
  year={2023}
}
@article{ssa,
  title={Visual Style Prompting with Swapping Self-Attention},
  author={Jeong, Jaeseok and Kim, Junho and Choi, Yunjey and Lee, Gayoung and Uh, Youngjung},
  journal={arXiv preprint arXiv:2402.12974},
  year={2024}
}
@article{consistentid,
  title={ConsistentID: Portrait Generation with Multimodal Fine-Grained Identity Preserving},
  author={Huang, Jiehui and Dong, Xiao and Song, Wenhui and Li, Hanhui and Zhou, Jun and Cheng, Yuhao and Liao, Shutao and Chen, Long and Yan, Yiqiang and Liao, Shengcai and others},
  journal={arXiv preprint arXiv:2404.16771},
  year={2024}
}
@article{chen2024subject,
  title={Subject-driven text-to-image generation via apprenticeship learning},
  author={Chen, Wenhu and Hu, Hexiang and Li, Yandong and Ruiz, Nataniel and Jia, Xuhui and Chang, Ming-Wei and Cohen, William W},
  journal={Advances in Neural Information Processing Systems},
  volume={36},
  year={2024}
}
@INPROCEEDINGS{stsl,
  author={Rout, Litu and Chen, Yujia and Kumar, Abhishek and Caramanis, Constantine and Shakkottai, Sanjay and Chu, Wen-Sheng},
  booktitle={2024 IEEE/CVF Conference on Computer Vision and Pattern Recognition}, 
  title={Beyond First-Order Tweedie: Solving Inverse Problems using Latent Diffusion}, 
  year={2024},
  }
@article{stylealigned,
  title={Style aligned image generation via shared attention},
  author={Hertz, Amir and Voynov, Andrey and Fruchter, Shlomi and Cohen-Or, Daniel},
  journal={arXiv preprint arXiv:2312.02133},
  year={2023}
}
@article{instantstyle,
  title={InstantStyle: Free Lunch towards Style-Preserving in Text-to-Image Generation},
  author={Wang, Haofan and Wang, Qixun and Bai, Xu and Qin, Zekui and Chen, Anthony},
  journal={arXiv preprint arXiv:2404.02733},
  year={2024}
}
@inproceedings{styledrop,
  title={StyleDrop: Text-to-Image Generation in Any Style},
  author={Sohn, Kihyuk and Ruiz, Nataniel and Lee, Kimin and Chin, Daniel Castro and Blok, Irina and Chang, Huiwen and Barber, Jarred and Jiang, Lu and Entis, Glenn and Li, Yuanzhen and others},
  booktitle={37th Conference on Neural Information Processing Systems (NeurIPS)},
  year={2023},
  organization={Neural Information Processing Systems Foundation}
}
@inproceedings{flkamc05,
title={Online convex optimization in the bandit setting: gradient descent without a gradient},
author = {A. D. Flaxman and A. T. Kalai and H. B. McMahan},
booktitle={Proceedings of the sixteenth annual ACM-SIAM symposium on Discrete algorithms (SODA)},
month={january},
year={2005}
}

@inproceedings{
dps,
title={Diffusion Posterior Sampling for General Noisy Inverse Problems},
author={Hyungjin Chung and Jeongsol Kim and Michael Thompson Mccann and Marc Louis Klasky and Jong Chul Ye},
booktitle={The Eleventh International Conference on Learning Representations },
year={2023},
url={https://openreview.net/forum?id=OnD9zGAGT0k}
}

@article{gadre2023datacomp,
  title={DataComp: In search of the next generation of multimodal datasets},
  author={Gadre, Samir Yitzhak and Ilharco, Gabriel and Fang, Alex and Hayase, Jonathan and Smyrnis, Georgios and Nguyen, Thao and Marten, Ryan and Wortsman, Mitchell and Ghosh, Dhruba and Zhang, Jieyu and others},
  journal={arXiv preprint arXiv:2304.14108},
  year={2023}
}

@inproceedings{ddrm,
  title={Denoising Diffusion Restoration Models},
  author={Kawar, Bahjat and Elad, Michael and Ermon, Stefano and Song, Jiaming},
  booktitle={Advances in Neural Information Processing Systems}
}
@article{chan2016plug,
  title={Plug-and-play ADMM for image restoration: Fixed-point convergence and applications},
  author={Chan, Stanley H and Wang, Xiran and Elgendy, Omar A},
  journal={IEEE Transactions on Computational Imaging},
  volume={3},
  number={1},
  pages={84--98},
  year={2016},
  publisher={IEEE}
}

@inproceedings{
songscore,
title={Score-Based Generative Modeling through Stochastic Differential Equations},
author={Yang Song and Jascha Sohl-Dickstein and Diederik P Kingma and Abhishek Kumar and Stefano Ermon and Ben Poole},
booktitle={International Conference on Learning Representations},
year={2021},
url={https://openreview.net/forum?id=PxTIG12RRHS}
}

@inproceedings{
chung2022improving,
title={Improving Diffusion Models for Inverse Problems using Manifold Constraints},
author={Hyungjin Chung and Byeongsu Sim and Dohoon Ryu and Jong Chul Ye},
booktitle={Advances in Neural Information Processing Systems},
editor={Alice H. Oh and Alekh Agarwal and Danielle Belgrave and Kyunghyun Cho},
year={2022},
url={https://openreview.net/forum?id=nJJjv0JDJju}
}

@article{rout2023theoretical,
  title={A Theoretical Justification for Image Inpainting using Denoising Diffusion Probabilistic Models},
  author={Rout, Litu and Parulekar, Advait and Caramanis, Constantine and Shakkottai, Sanjay},
  journal={arXiv preprint arXiv:2302.01217},
  year={2023}
}

@inproceedings{ldm,
  title={High-resolution image synthesis with latent diffusion models},
  author={Rombach, Robin and Blattmann, Andreas and Lorenz, Dominik and Esser, Patrick and Ommer, Bj{\"o}rn},
  booktitle={Proceedings of the IEEE/CVF Conference on Computer Vision and Pattern Recognition},
  pages={10684--10695},
  year={2022}
}

@article{anderson,
  title={Reverse-time diffusion equation models},
  author={Anderson, Brian D.O.},
  journal={Stochastic Processes and their Applications},
  volume={12},
  number={3},
  pages={313--326},
  year={1982},
  publisher={Elsevier}
}

% Score-based models
@article{ncsn,
  title={Generative modeling by estimating gradients of the data distribution},
  author={Song, Yang and Ermon, Stefano},
  journal={Advances in Neural Information Processing Systems},
  volume={32},
  year={2019}
}

@article{ncsnv2,
  title={Improved techniques for training score-based generative models},
  author={Song, Yang and Ermon, Stefano},
  journal={Advances in neural information processing systems},
  volume={33},
  pages={12438--12448},
  year={2020}
}


@inproceedings{
ncsnv3,
title={Score-Based Generative Modeling through Stochastic Differential Equations},
author={Yang Song and Jascha Sohl-Dickstein and Diederik P Kingma and Abhishek Kumar and Stefano Ermon and Ben Poole},
booktitle={International Conference on Learning Representations},
year={2021},
}


@article{ddpm,
  title={Denoising diffusion probabilistic models},
  author={Ho, Jonathan and Jain, Ajay and Abbeel, Pieter},
  journal={Advances in Neural Information Processing Systems},
  volume={33},
  pages={6840--6851},
  year={2020}
}

@inproceedings{ddpm++,
  title={Soft truncation: A universal training technique of score-based diffusion model for high precision score estimation},
  author={Kim, Dongjun and Shin, Seungjae and Song, Kyungwoo and Kang, Wanmo and Moon, Il-Chul},
  booktitle={International Conference on Machine Learning},
  pages={11201--11228},
  year={2022},
  organization={PMLR}
}

@article{dhariwal2021diffusion,
  title={Diffusion models beat gans on image synthesis},
  author={Dhariwal, Prafulla and Nichol, Alexander},
  journal={Advances in Neural Information Processing Systems},
  volume={34},
  pages={8780--8794},
  year={2021}
}


@misc{laion400m,
      title={LAION-400M: Open Dataset of CLIP-Filtered 400 Million Image-Text Pairs}, 
      author={Christoph Schuhmann and Richard Vencu and Romain Beaumont and Robert Kaczmarczyk and Clayton Mullis and Aarush Katta and Theo Coombes and Jenia Jitsev and Aran Komatsuzaki},
      year={2021},
      eprint={2111.02114},
      archivePrefix={arXiv},
      primaryClass={cs.CV}
}


@article{chen2023score,
  title={Score Approximation, Estimation and Distribution Recovery of Diffusion Models on Low-Dimensional Data},
  author={Chen, Minshuo and Huang, Kaixuan and Zhao, Tuo and Wang, Mengdi},
  journal={arXiv preprint arXiv:2302.07194},
  year={2023}
}

@article{dsm,
  title={A connection between score matching and denoising autoencoders},
  author={Vincent, Pascal},
  journal={Neural computation},
  volume={23},
  number={7},
  pages={1661--1674},
  year={2011},
  publisher={MIT Press}
}


@article{hyvarinen2005estimation,
  title={Estimation of non-normalized statistical models by score matching.},
  author={Hyv{\"a}rinen, Aapo and Dayan, Peter},
  journal={Journal of Machine Learning Research},
  volume={6},
  number={4},
  year={2005}
}


@article{sgilo,
  title={Score-guided intermediate layer optimization: Fast langevin mixing for inverse problem},
  author={Daras, Giannis and Dagan, Yuval and Dimakis, Alexandros G and Daskalakis, Constantinos},
  journal={arXiv preprint arXiv:2206.09104},
  year={2022}
}


@article{kawar2021snips,
  title={SNIPS: Solving noisy inverse problems stochastically},
  author={Kawar, Bahjat and Vaksman, Gregory and Elad, Michael},
  journal={Advances in Neural Information Processing Systems},
  volume={34},
  pages={21757--21769},
  year={2021}
}

@inproceedings{arvinte2022single,
  title={Single-Shot Adaptation using Score-Based Models for MRI Reconstruction},
  author={Arvinte, Marius and Jalal, Ajil and Daras, Giannis and Price, Eric and Dimakis, Alex and Tamir, Jonathan I},
  booktitle={International Society for Magnetic Resonance in Medicine, Annual Meeting},
  year={2022}
}

@article{mri_paper,
  title={Robust compressed sensing mri with deep generative priors},
  author={Jalal, Ajil and Arvinte, Marius and Daras, Giannis and Price, Eric and Dimakis, Alexandros G and Tamir, Jon},
  journal={Advances in Neural Information Processing Systems},
  volume={34},
  pages={14938--14954},
  year={2021}
}

@article{choi2021ilvr,
  title={Ilvr: Conditioning method for denoising diffusion probabilistic models},
  author={Choi, Jooyoung and Kim, Sungwon and Jeong, Yonghyun and Gwon, Youngjune and Yoon, Sungroh},
  journal={arXiv preprint arXiv:2108.02938},
  year={2021}
}


@article{daras2022soft,
  title={Soft diffusion: Score matching for general corruptions},
  author={Daras, Giannis and Delbracio, Mauricio and Talebi, Hossein and Dimakis, Alexandros G and Milanfar, Peyman},
  journal={arXiv preprint arXiv:2209.05442},
  year={2022}
}

@inproceedings{bora2017compressed,
  title={Compressed sensing using generative models},
  author={Bora, Ashish and Jalal, Ajil and Price, Eric and Dimakis, Alexandros G},
  booktitle={International Conference on Machine Learning},
  pages={537--546},
  year={2017},
  organization={PMLR}
}

@article{ilo,
  title={Intermediate layer optimization for inverse problems using deep generative models},
  author={Daras, Giannis and Dean, Joseph and Jalal, Ajil and Dimakis, Alexandros G},
  journal={arXiv preprint arXiv:2102.07364},
  year={2021}
}

@article{ongie2020deep,
  title={Deep learning techniques for inverse problems in imaging},
  author={Ongie, Gregory and Jalal, Ajil and Metzler, Christopher A and Baraniuk, Richard G and Dimakis, Alexandros G and Willett, Rebecca},
  journal={IEEE Journal on Selected Areas in Information Theory},
  volume={1},
  number={1},
  pages={39--56},
  year={2020},
  publisher={IEEE}
}


% Supervised
@inproceedings{pathak2016context,
  title={Context encoders: Feature learning by inpainting},
  author={Pathak, Deepak and Krahenbuhl, Philipp and Donahue, Jeff and Darrell, Trevor and Efros, Alexei A},
  booktitle={Proceedings of the IEEE conference on computer vision and pattern recognition},
  pages={2536--2544},
  year={2016}
}

@article{richardson2020encoding,
  title={Encoding in Style: a StyleGAN Encoder for Image-to-Image Translation},
  author={Richardson, Elad and Alaluf, Yuval and Patashnik, Or and Nitzan, Yotam and Azar, Yaniv and Shapiro, Stav and Cohen-Or, Daniel},
  journal={arXiv preprint arXiv:2008.00951},
  year={2020}
}


@article{Yu_2019,
   title={Free-Form Image Inpainting With Gated Convolution},
   ISBN={9781728148038},
   url={http://dx.doi.org/10.1109/ICCV.2019.00457},
   DOI={10.1109/iccv.2019.00457},
   journal={2019 IEEE/CVF International Conference on Computer Vision (ICCV)},
   publisher={IEEE},
   author={Yu, Jiahui and Lin, Zhe and Yang, Jimei and Shen, Xiaohui and Lu, Xin and Huang, Thomas},
   year={2019},
   month={Oct}
}

@article{Liu_2019,
   title={Coherent Semantic Attention for Image Inpainting},
   ISBN={9781728148038},
   url={http://dx.doi.org/10.1109/ICCV.2019.00427},
   DOI={10.1109/iccv.2019.00427},
   journal={2019 IEEE/CVF International Conference on Computer Vision (ICCV)},
   publisher={IEEE},
   author={Liu, Hongyu and Jiang, Bin and Xiao, Yi and Yang, Chao},
   year={2019},
   month={Oct}
}


@article{bansal2022cold,
  title={{Cold Diffusion: Inverting arbitrary image transforms without noise}},
  author={Bansal, Arpit and Borgnia, Eitan and Chu, Hong-Min and Li, Jie S and Kazemi, Hamid and Huang, Furong and Goldblum, Micah and Geiping, Jonas and Goldstein, Tom},
  journal={arXiv preprint arXiv:2208.09392},
  year={2022}
}


% Convergence Analysis
@inproceedings{
chen2023sampling,
title={Sampling is as easy as learning the score: theory for diffusion models with minimal data assumptions},
author={Sitan Chen and Sinho Chewi and Jerry Li and Yuanzhi Li and Adil Salim and Anru Zhang},
booktitle={The Eleventh International Conference on Learning Representations },
year={2023},
url={https://openreview.net/forum?id=zyLVMgsZ0U_}
}

@article{chen2023restoration,
  title={Restoration-Degradation Beyond Linear Diffusions: A Non-Asymptotic Analysis For DDIM-Type Samplers},
  author={Chen, Sitan and Daras, Giannis and Dimakis, Alexandros G},
  journal={arXiv preprint arXiv:2303.03384},
  year={2023}
}

@article{nerfgans,
  title={Solving inverse problems with nerfgans},
  author={Daras, Giannis and Chu, Wen-Sheng and Kumar, Abhishek and Lagun, Dmitry and Dimakis, Alexandros G},
  journal={arXiv preprint arXiv:2112.09061},
  year={2021}
}



@InProceedings{ajil_bias,
  title = 	 {Fairness for Image Generation with Uncertain Sensitive Attributes},
  author =       {Jalal, Ajil and Karmalkar, Sushrut and Hoffmann, Jessica and Dimakis, Alex and Price, Eric},
  booktitle = 	 {Proceedings of the 38th International Conference on Machine Learning},
  pages = 	 {4721--4732},
  year = 	 {2021},
  editor = 	 {Meila, Marina and Zhang, Tong},
  volume = 	 {139},
  series = 	 {Proceedings of Machine Learning Research},
  month = 	 {18--24 Jul},
  publisher =    {PMLR},
  pdf = 	 {http://proceedings.mlr.press/v139/jalal21b/jalal21b.pdf},
  url = 	 {https://proceedings.mlr.press/v139/jalal21b.html},
  abstract = 	 {This work tackles the issue of fairness in the context of generative procedures, such as image super-resolution, which entail different definitions from the standard classification setting. Moreover, while traditional group fairness definitions are typically defined with respect to specified protected groups – camouflaging the fact that these groupings are artificial and carry historical and political motivations – we emphasize that there are no ground truth identities. For instance, should South and East Asians be viewed as a single group or separate groups? Should we consider one race as a whole or further split by gender? Choosing which groups are valid and who belongs in them is an impossible dilemma and being “fair” with respect to Asians may require being “unfair” with respect to South Asians. This motivates the introduction of definitions that allow algorithms to be \emph{oblivious} to the relevant groupings. We define several intuitive notions of group fairness and study their incompatibilities and trade-offs. We show that the natural extension of demographic parity is strongly dependent on the grouping, and \emph{impossible} to achieve obliviously. On the other hand, the conceptually new definition we introduce, Conditional Proportional Representation, can be achieved obliviously through Posterior Sampling. Our experiments validate our theoretical results and achieve fair image reconstruction using state-of-the-art generative models.}
}


@inproceedings{menon2020pulse,
  title={Pulse: Self-supervised photo upsampling via latent space exploration of generative models},
  author={Menon, Sachit and Damian, Alexandru and Hu, Shijia and Ravi, Nikhil and Rudin, Cynthia},
  booktitle={Proceedings of the ieee/cvf conference on computer vision and pattern recognition},
  pages={2437--2445},
  year={2020}
}

@article{ajil_posterior_sampling,
  title={Instance-optimal compressed sensing via posterior sampling},
  author={Jalal, Ajil and Karmalkar, Sushrut and Dimakis, Alexandros G and Price, Eric},
  journal={arXiv preprint arXiv:2106.11438},
  year={2021}
}

@article{somepalli2022diffusion,
  title={Diffusion Art or Digital Forgery? Investigating Data Replication in Diffusion Models},
  author={Somepalli, Gowthami and Singla, Vasu and Goldblum, Micah and Geiping, Jonas and Goldstein, Tom},
  journal={arXiv preprint arXiv:2212.03860},
  year={2022}
}

@article{carlini2023extracting,
  title={Extracting training data from diffusion models},
  author={Carlini, Nicholas and Hayes, Jamie and Nasr, Milad and Jagielski, Matthew and Sehwag, Vikash and Tramer, Florian and Balle, Borja and Ippolito, Daphne and Wallace, Eric},
  journal={arXiv preprint arXiv:2301.13188},
  year={2023}
}


@inproceedings{lugmayr2022repaint,
  title={Repaint: Inpainting using denoising diffusion probabilistic models},
  author={Lugmayr, Andreas and Danelljan, Martin and Romero, Andres and Yu, Fisher and Timofte, Radu and Van Gool, Luc},
  booktitle={Proceedings of the IEEE/CVF Conference on Computer Vision and Pattern Recognition},
  pages={11461--11471},
  year={2022}
}


@article{chung2023direct,
  title={Direct Diffusion Bridge using Data Consistency for Inverse Problems},
  author={Chung, Hyungjin and Kim, Jeongsol and Ye, Jong Chul},
  journal={arXiv preprint arXiv:2305.19809},
  year={2023}
}
@article{kawar2023gsure,
  title={GSURE-Based Diffusion Model Training with Corrupted Data},
  author={Kawar, Bahjat and Elata, Noam and Michaeli, Tomer and Elad, Michael},
  journal={arXiv preprint arXiv:2305.13128},
  year={2023}
}
@inproceedings{venkatakrishnan2013plug,
  title={Plug-and-play priors for model based reconstruction},
  author={Venkatakrishnan, Singanallur V and Bouman, Charles A and Wohlberg, Brendt},
  booktitle={2013 IEEE Global Conference on Signal and Information Processing},
  pages={945--948},
  year={2013},
  organization={IEEE}
}
@article{romano2017little,
  title={The little engine that could: Regularization by denoising (RED)},
  author={Romano, Yaniv and Elad, Michael and Milanfar, Peyman},
  journal={SIAM Journal on Imaging Sciences},
  volume={10},
  number={4},
  pages={1804--1844},
  year={2017},
  publisher={SIAM}
}
@inproceedings{mataev2019deepred,
  title={DeepRED: Deep image prior powered by RED},
  author={Mataev, Gary and Milanfar, Peyman and Elad, Michael},
  booktitle={Proceedings of the IEEE/CVF International Conference on Computer Vision Workshops},
  pages={0--0},
  year={2019}
}
@inproceedings{blattmann2023align,
  title={Align your latents: High-resolution video synthesis with latent diffusion models},
  author={Blattmann, Andreas and Rombach, Robin and Ling, Huan and Dockhorn, Tim and Kim, Seung Wook and Fidler, Sanja and Kreis, Karsten},
  booktitle={Proceedings of the IEEE/CVF Conference on Computer Vision and Pattern Recognition},
  pages={22563--22575},
  year={2023}
}

@inproceedings{pinaya2022brain,
  title={Brain imaging generation with latent diffusion models},
  author={Pinaya, Walter HL and Tudosiu, Petru-Daniel and Dafflon, Jessica and Da Costa, Pedro F and Fernandez, Virginia and Nachev, Parashkev and Ourselin, Sebastien and Cardoso, M Jorge},
  booktitle={Deep Generative Models: Second MICCAI Workshop, DGM4MICCAI 2022, Held in Conjunction with MICCAI 2022, Singapore, September 22, 2022, Proceedings},
  pages={117--126},
  year={2022},
  organization={Springer}
}
@inproceedings{takagi2023high,
  title={High-resolution image reconstruction with latent diffusion models from human brain activity},
  author={Takagi, Yu and Nishimoto, Shinji},
  booktitle={Proceedings of the IEEE/CVF Conference on Computer Vision and Pattern Recognition},
  pages={14453--14463},
  year={2023}
}
@article{liu2023audioldm,
  title={Audioldm: Text-to-audio generation with latent diffusion models},
  author={Liu, Haohe and Chen, Zehua and Yuan, Yi and Mei, Xinhao and Liu, Xubo and Mandic, Danilo and Wang, Wenwu and Plumbley, Mark D},
  journal={arXiv preprint arXiv:2301.12503},
  year={2023}
}
@inproceedings{wang2023imagen,
  title={Imagen editor and editbench: Advancing and evaluating text-guided image inpainting},
  author={Wang, Su and Saharia, Chitwan and Montgomery, Ceslee and Pont-Tuset, Jordi and Noy, Shai and Pellegrini, Stefano and Onoe, Yasumasa and Laszlo, Sarah and Fleet, David J and Soricut, Radu and others},
  booktitle={Proceedings of the IEEE/CVF Conference on Computer Vision and Pattern Recognition},
  pages={18359--18369},
  year={2023}
}
@inproceedings{ffhq,
  title={A style-based generator architecture for generative adversarial networks},
  author={Karras, Tero and Laine, Samuli and Aila, Timo},
  booktitle={Proceedings of the IEEE/CVF conference on computer vision and pattern recognition},
  pages={4401--4410},
  year={2019}
}
@INPROCEEDINGS{imagenet,
  author={Deng, Jia and Dong, Wei and Socher, Richard and Li, Li-Jia and Kai Li and Li Fei-Fei},
  booktitle={2009 IEEE Conference on Computer Vision and Pattern Recognition}, 
  title={ImageNet: A large-scale hierarchical image database}, 
  year={2009},
  volume={},
  number={},
  pages={248-255},
  doi={10.1109/CVPR.2009.5206848}}

@article{meng2022diffusion,
  title={Diffusion model based posterior sampling for noisy linear inverse problems},
  author={Meng, Xiangming and Kabashima, Yoshiyuki},
  journal={arXiv preprint arXiv:2211.12343},
  year={2022}
}

@inproceedings{
pGDM,
title={Pseudoinverse-Guided Diffusion Models for Inverse Problems},
author={Jiaming Song and Arash Vahdat and Morteza Mardani and Jan Kautz},
booktitle={International Conference on Learning Representations},
year={2023},
url={https://openreview.net/forum?id=9_gsMA8MRKQ}
}
@misc{saharia2022palette,
      title={Palette: Image-to-Image Diffusion Models}, 
      author={Chitwan Saharia and William Chan and Huiwen Chang and Chris A. Lee and Jonathan Ho and Tim Salimans and David J. Fleet and Mohammad Norouzi},
      year={2022},
      eprint={2111.05826},
      archivePrefix={arXiv},
      primaryClass={cs.CV}
}

@inproceedings{
wang2023ddnm,
title={Zero-Shot Image Restoration Using Denoising Diffusion Null-Space Model},
author={Yinhuai Wang and Jiwen Yu and Jian Zhang},
booktitle={The Eleventh International Conference on Learning Representations },
year={2023},
url={https://openreview.net/forum?id=mRieQgMtNTQ}
}

@InProceedings{sohl-dickstein15,
  title = 	 {Deep Unsupervised Learning using Nonequilibrium Thermodynamics},
  author = 	 {Sohl-Dickstein, Jascha and Weiss, Eric and Maheswaranathan, Niru and Ganguli, Surya},
  booktitle = 	 {Proceedings of the 32nd International Conference on Machine Learning},
  pages = 	 {2256--2265},
  year = 	 {2015},
  editor = 	 {Bach, Francis and Blei, David},
  volume = 	 {37},
  series = 	 {Proceedings of Machine Learning Research},
  address = 	 {Lille, France},
  month = 	 {07--09 Jul},
  publisher =    {PMLR},
  pdf = 	 {http://proceedings.mlr.press/v37/sohl-dickstein15.pdf},
  url = 	 {https://proceedings.mlr.press/v37/sohl-dickstein15.html},
  abstract = 	 {A central problem in machine learning involves modeling complex data-sets using highly flexible families of probability distributions in which learning, sampling, inference, and evaluation are still analytically or computationally tractable. Here, we develop an approach that simultaneously achieves both flexibility and tractability. The essential idea, inspired by non-equilibrium statistical physics, is to systematically and slowly destroy structure in a data distribution through an iterative forward diffusion process. We then learn a reverse diffusion process that restores structure in data, yielding a highly flexible and tractable generative model of the data. This approach allows us to rapidly learn, sample from, and evaluate probabilities in deep generative models with thousands of layers or time steps, as well as to compute conditional and posterior probabilities under the learned model. We additionally release an open source reference implementation of the algorithm.}
}

@article{efron2011tweedie,
  title={Tweedie’s formula and selection bias},
  author={Efron, Bradley},
  journal={Journal of the American Statistical Association},
  volume={106},
  number={496},
  pages={1602--1614},
  year={2011},
  publisher={Taylor \& Francis}
}

@inproceedings{
psld,
title={Solving Inverse Problems Provably via Posterior Sampling with Latent Diffusion Models},
author={Rout, Litu and Raoof, Negin and Daras, Giannis and Caramanis, Constantine and Dimakis, Alexandros G and Shakkottai, Sanjay},
booktitle={Thirty-seventh Conference on Neural Information Processing Systems},
year={2023},
url={https://openreview.net/forum?id=XKBFdYwfRo}
}
@article{hutchinson1989stochastic,
  title={A stochastic estimator of the trace of the influence matrix for Laplacian smoothing splines},
  author={Hutchinson, Michael F},
  journal={Communications in Statistics-Simulation and Computation},
  volume={18},
  number={3},
  pages={1059--1076},
  year={1989},
  publisher={Taylor \& Francis}
}
@article{tmpd,
  title={Tweedie Moment Projected Diffusions For Inverse Problems},
  author={Boys, Benjamin and Girolami, Mark and Pidstrigach, Jakiw and Reich, Sebastian and Mosca, Alan and Akyildiz, O Deniz},
  journal={arXiv preprint arXiv:2310.06721},
  year={2023}
}
@article{meng2021estimating,
  title={Estimating high order gradients of the data distribution by denoising},
  author={Meng, Chenlin and Song, Yang and Li, Wenzhe and Ermon, Stefano},
  journal={Advances in Neural Information Processing Systems},
  volume={34},
  pages={25359--25369},
  year={2021}
}

@inproceedings{nti,
  title={Null-text inversion for editing real images using guided diffusion models},
  author={Mokady, Ron and Hertz, Amir and Aberman, Kfir and Pritch, Yael and Cohen-Or, Daniel},
  booktitle={Proceedings of the IEEE/CVF Conference on Computer Vision and Pattern Recognition},
  pages={6038--6047},
  year={2023}
}
@inproceedings{p2p,
  title={Prompt-to-Prompt Image Editing with Cross-Attention Control},
  author={Hertz, Amir and Mokady, Ron and Tenenbaum, Jay and Aberman, Kfir and Pritch, Yael and Cohen-or, Daniel},
  booktitle={The Eleventh International Conference on Learning Representations},
  year={2022}
}
@inproceedings{dalle,
  title={Zero-shot text-to-image generation},
  author={Ramesh, Aditya and Pavlov, Mikhail and Goh, Gabriel and Gray, Scott and Voss, Chelsea and Radford, Alec and Chen, Mark and Sutskever, Ilya},
  booktitle={International Conference on Machine Learning},
  pages={8821--8831},
  year={2021},
  organization={PMLR}
}
@article{dalle2,
  title={Hierarchical text-conditional image generation with clip latents},
  author={Ramesh, Aditya and Dhariwal, Prafulla and Nichol, Alex and Chu, Casey and Chen, Mark},
  journal={arXiv preprint arXiv:2204.06125},
  year={2022}
}
@article{imagen,
  title={Photorealistic Text-to-Image Diffusion Models with Deep Language Understanding},
  author={Saharia, Chitwan and Chan, William and Saxena, Saurabh and Li, Lala and Whang, Jay and Denton, Emily and Ghasemipour, Seyed Kamyar Seyed and Ayan, Burcu Karagol and Mahdavi, S Sara and Lopes, Rapha Gontijo and others},
  journal={arXiv preprint arXiv:2205.11487},
  year={2022}
}
@inproceedings{diffuseCLIP,
  title={Diffusionclip: Text-guided diffusion models for robust image manipulation},
  author={Kim, Gwanghyun and Kwon, Taesung and Ye, Jong Chul},
  booktitle={Proceedings of the IEEE/CVF Conference on Computer Vision and Pattern Recognition},
  pages={2426--2435},
  year={2022}
}
@article{p2l,
  title={Prompt-tuning latent diffusion models for inverse problems},
  author={Chung, Hyungjin and Ye, Jong Chul and Milanfar, Peyman and Delbracio, Mauricio},
  journal={arXiv preprint arXiv:2310.01110},
  year={2023}
}
@inproceedings{dreambooth,
  title={Dreambooth: Fine tuning text-to-image diffusion models for subject-driven generation},
  author={Ruiz, Nataniel and Li, Yuanzhen and Jampani, Varun and Pritch, Yael and Rubinstein, Michael and Aberman, Kfir},
  booktitle={Proceedings of the IEEE/CVF Conference on Computer Vision and Pattern Recognition},
  pages={22500--22510},
  year={2023}
}

@inproceedings{
ddim,
title={Denoising Diffusion Implicit Models},
author={Jiaming Song and Chenlin Meng and Stefano Ermon},
booktitle={International Conference on Learning Representations},
year={2021},
url={https://openreview.net/forum?id=St1giarCHLP}
}

@inproceedings{
diffuseIT,
title={Diffusion-based Image Translation using disentangled style and content representation},
author={Gihyun Kwon and Jong Chul Ye},
booktitle={The Eleventh International Conference on Learning Representations },
year={2023},
url={https://openreview.net/forum?id=Nayau9fwXU}
}
@inproceedings{
ddnm,
title={Zero-Shot Image Restoration Using Denoising Diffusion Null-Space Model},
author={Yinhuai Wang and Jiwen Yu and Jian Zhang},
booktitle={The Eleventh International Conference on Learning Representations },
year={2023},
url={https://openreview.net/forum?id=mRieQgMtNTQ}
}
@inproceedings{p2pZero,
  title={Zero-shot image-to-image translation},
  author={Parmar, Gaurav and Kumar Singh, Krishna and Zhang, Richard and Li, Yijun and Lu, Jingwan and Zhu, Jun-Yan},
  booktitle={ACM SIGGRAPH 2023 Conference Proceedings},
  pages={1--11},
  year={2023}
}
@article{benton2023linear,
  title={Linear convergence bounds for diffusion models via stochastic localization},
  author={Benton, Joe and De Bortoli, Valentin and Doucet, Arnaud and Deligiannidis, George},
  journal={arXiv preprint arXiv:2308.03686},
  year={2023}
}
@inproceedings{tumanyan2022splicing,
  title={Splicing vit features for semantic appearance transfer},
  author={Tumanyan, Narek and Bar-Tal, Omer and Bagon, Shai and Dekel, Tali},
  booktitle={Proceedings of the IEEE/CVF Conference on Computer Vision and Pattern Recognition},
  pages={10748--10757},
  year={2022}
}
@book{oksendal2003stochastic,
  title={Stochastic differential equations},
  author={{\O}ksendal, Bernt},
  year={2003},
  publisher={Springer}
}
@inproceedings{coco,
  title={Microsoft coco: Common objects in context},
  author={Lin, Tsung-Yi and Maire, Michael and Belongie, Serge and Hays, James and Perona, Pietro and Ramanan, Deva and Doll{\'a}r, Piotr and Zitnick, C Lawrence},
  booktitle={Computer Vision--ECCV 2014: 13th European Conference, Zurich, Switzerland, September 6-12, 2014, Proceedings, Part V 13},
  pages={740--755},
  year={2014},
  organization={Springer}
}
@inproceedings{robbins1956empirical,
  title={An empirical Bayes approach to statistics},
  author={ROBBINS, H},
  booktitle={Proc. 3rd Berkeley Symp. Math. Statist. Probab., 1956},
  volume={1},
  pages={157--163},
  year={1956}
}
@article{he2023iterative,
  title={Iterative reconstruction based on latent diffusion model for sparse data reconstruction},
  author={He, Linchao and Yan, Hongyu and Luo, Mengting and Luo, Kunming and Wang, Wang and Du, Wenchao and Chen, Hu and Yang, Hongyu and Zhang, Yi},
  journal={arXiv preprint arXiv:2307.12070},
  year={2023}
}
@inproceedings{zhu2023denoising,
  title={Denoising Diffusion Models for Plug-and-Play Image Restoration},
  author={Zhu, Yuanzhi and Zhang, Kai and Liang, Jingyun and Cao, Jiezhang and Wen, Bihan and Timofte, Radu and Van Gool, Luc},
  booktitle={Proceedings of the IEEE/CVF Conference on Computer Vision and Pattern Recognition},
  pages={1219--1229},
  year={2023}
}
@article{kingma2014adam,
  title={Adam: A method for stochastic optimization},
  author={Kingma, Diederik P and Ba, Jimmy},
  journal={arXiv preprint arXiv:1412.6980},
  year={2014}
}
@book{lattimore2020bandit,
  title={Bandit algorithms},
  author={Lattimore, Tor and Szepesv{\'a}ri, Csaba},
  year={2020},
  publisher={Cambridge University Press}
}

@book{borkar08,
author={V. Borkar},
title={Stochastic Approximation, A Dynamical Systems Viewpoint},
publisher={Springer},
year={2008}
}

@article{hessel2021clipscore,
  title={Clipscore: A reference-free evaluation metric for image captioning},
  author={Hessel, Jack and Holtzman, Ari and Forbes, Maxwell and Bras, Ronan Le and Choi, Yejin},
  journal={arXiv preprint arXiv:2104.08718},
  year={2021}
}
