% Please download the latest anthology.bib from
%
% http://aclweb.org/anthology/anthology.bib.gz

% distill adapt distill
@inproceedings{gordon-duh-2020-distill,
    title = "Distill, Adapt, Distill: Training Small, In-Domain Models for Neural Machine Translation",
    author = "Gordon, Mitchell  and
      Duh, Kevin",
    booktitle = "Proceedings of the Fourth Workshop on Neural Generation and Translation",
    month = jul,
    year = "2020",
    address = "Online",
    publisher = "Association for Computational Linguistics",
    url = "https://aclanthology.org/2020.ngt-1.12",
    doi = "10.18653/v1/2020.ngt-1.12",
    pages = "110--118",
}

% FastFormers
@inproceedings{kim-hassan-2020-fastformers,
    title = "{F}ast{F}ormers: Highly Efficient Transformer Models for Natural Language Understanding",
    author = "Kim, Young Jin  and
      Hassan, Hany",
    booktitle = "Proceedings of SustaiNLP: Workshop on Simple and Efficient Natural Language Processing",
    month = nov,
    year = "2020",
    address = "Online",
    publisher = "Association for Computational Linguistics",
    url = "https://aclanthology.org/2020.sustainlp-1.20",
    doi = "10.18653/v1/2020.sustainlp-1.20",
    pages = "149--158",
}

% conll
@inproceedings{tjong-kim-sang-de-meulder-2003-introduction,
    title = "Introduction to the {C}o{NLL}-2003 Shared Task: Language-Independent Named Entity Recognition",
    author = "Tjong Kim Sang, Erik F.  and
      De Meulder, Fien",
    booktitle = "Proceedings of the Seventh Conference on Natural Language Learning at {HLT}-{NAACL} 2003",
    year = "2003",
    url = "https://aclanthology.org/W03-0419",
    pages = "142--147",
}

% lexglue
@inproceedings{chalkidis-etal-2022-lexglue,
    title = "{L}ex{GLUE}: A Benchmark Dataset for Legal Language Understanding in {E}nglish",
    author = "Chalkidis, Ilias  and
      Jana, Abhik  and
      Hartung, Dirk  and
      Bommarito, Michael  and
      Androutsopoulos, Ion  and
      Katz, Daniel  and
      Aletras, Nikolaos",
    booktitle = "Proceedings of the 60th Annual Meeting of the Association for Computational Linguistics (Volume 1: Long Papers)",
    month = may,
    year = "2022",
    address = "Dublin, Ireland",
    publisher = "Association for Computational Linguistics",
    url = "https://aclanthology.org/2022.acl-long.297",
    doi = "10.18653/v1/2022.acl-long.297",
    pages = "4310--4330",
}

% LEDGAR
@inproceedings{tuggener2020ledgar,
  title={LEDGAR: A Large-Scale Multi-label Corpus for Text Classification of Legal Provisions in Contracts},
  author={Tuggener, Don and von D{\"a}niken, Pius and Peetz, Thomas and Cieliebak, Mark},
  booktitle={Proceedings of the 12th Language Resources and Evaluation Conference},
  pages={1235--1241},
  year={2020}
}


% tinybert
@inproceedings{jiao2020tinybert,
  title={{TinyBERT}: Distilling {BERT} for Natural Language Understanding},
  author={Jiao, Xiaoqi and Yin, Yichun and Shang, Lifeng and Jiang, Xin and Chen, Xiao and Li, Linlin and Wang, Fang and Liu, Qun},
  booktitle={Findings of the Association for Computational Linguistics: EMNLP 2020},
  pages={4163--4174},
  year={2020}
}

% BPE
@inproceedings{sennrich2016neural,
  title={Neural Machine Translation of Rare Words with Subword Units},
  author={Sennrich, Rico and Haddow, Barry and Birch, Alexandra},
  booktitle={Proceedings of the 54th Annual Meeting of the Association for Computational Linguistics (Volume 1: Long Papers)},
  pages={1715--1725},
  year={2016}
}

% Wordpiece
@inproceedings{schuster2012japanese,
  title={Japanese and korean voice search},
  author={Schuster, Mike and Nakajima, Kaisuke},
  booktitle={2012 IEEE international conference on acoustics, speech and signal processing (ICASSP)},
  pages={5149--5152},
  year={2012},
  organization={IEEE}
}

% Sentence Piece
@article{kudo2018sentencepiece,
  title={Sentencepiece: A simple and language independent subword tokenizer and detokenizer for neural text processing},
  author={Kudo, Taku and Richardson, John},
  journal={arXiv preprint arXiv:1808.06226},
  year={2018}
}




% ==============================================

% Use this file for citations not found in the ACL Anthology (contained in "anthology.bib").




@article{distilbert,
  title={{DistilBERT}, a distilled version of {BERT}: smaller, faster, cheaper and lighter},
  author={Sanh, Victor and Debut, Lysandre and Chaumond, Julien and Wolf, Thomas},
  journal={arXiv preprint arXiv:1910.01108},
  year={2019}
}

% VIPI
@article{samenko2021fine,
  title={Fine-Tuning Transformers: Vocabulary Transfer},
  author={Samenko, Igor and Tikhonov, Alexey and Kozlovskii, Borislav and Yamshchikov, Ivan P},
  journal={arXiv preprint arXiv:2112.14569},
  year={2021}
}


@article{GURULINGAPPA2012885,
title = "Development of a benchmark corpus to support the automatic extraction of drug-related adverse effects from medical case reports",
journal = "Journal of Biomedical Informatics",
volume = "45",
number = "5",
pages = "885 - 892",
year = "2012",
note = "Text Mining and Natural Language Processing in Pharmacogenomics",
issn = "1532-0464",
doi = "https://doi.org/10.1016/j.jbi.2012.04.008",
url = "http://www.sciencedirect.com/science/article/pii/S1532046412000615",
author = "Harsha Gurulingappa and Abdul Mateen Rajput and Angus Roberts and Juliane Fluck and Martin Hofmann-Apitius and Luca Toldo",
}



% attention is all you need
@article{vaswani2017attention,
  title={Attention is all you need},
  author={Vaswani, Ashish and Shazeer, Noam and Parmar, Niki and Uszkoreit, Jakob and Jones, Llion and Gomez, Aidan N and Kaiser, {\L}ukasz and Polosukhin, Illia},
  journal={Advances in neural information processing systems},
  volume={30},
  year={2017}
}

%minilm
@article{wang2020minilm,
  title={Minilm: Deep self-attention distillation for task-agnostic compression of pre-trained transformers},
  author={Wang, Wenhui and Wei, Furu and Dong, Li and Bao, Hangbo and Yang, Nan and Zhou, Ming},
  journal={Advances in Neural Information Processing Systems},
  volume={33},
  pages={5776--5788},
  year={2020}
}

% mobileBERT
@article{sun2020mobilebert,
  title={{MobileBERT}: a compact task-agnostic {BERT} for resource-limited devices},
  author={Sun, Zhiqing and Yu, Hongkun and Song, Xiaodan and Liu, Renjie and Yang, Yiming and Zhou, Denny},
  journal={arXiv preprint arXiv:2004.02984},
  year={2020}
}



% Quantization
@inproceedings{quantization,
  title={{Q-BERT}: Hessian based ultra low precision quantization of {BERT}},
  author={Shen, Sheng and Dong, Zhen and Ye, Jiayu and Ma, Linjian and Yao, Zhewei and Gholami, Amir and Mahoney, Michael W and Keutzer, Kurt},
  booktitle={Proceedings of the AAAI Conference on Artificial Intelligence},
  volume={34},
  pages={8815--8821},
  year={2020}
}

@inproceedings{gupta2015deep,
  title={Deep learning with limited numerical precision},
  author={Gupta, Suyog and Agrawal, Ankur and Gopalakrishnan, Kailash and Narayanan, Pritish},
  booktitle={International conference on machine learning},
  pages={1737--1746},
  year={2015},
  organization={PMLR}
}

% Quantization + Distillation
@article{polino2018model,
  title={Model compression via distillation and quantization},
  author={Polino, Antonio and Pascanu, Razvan and Alistarh, Dan},
  journal={arXiv preprint arXiv:1802.05668},
  year={2018}
}

% Distillation
@article{hinton2015distilling,
  title={Distilling the knowledge in a neural network},
  author={Hinton, Geoffrey and Vinyals, Oriol and Dean, Jeff and others},
  journal={arXiv preprint arXiv:1503.02531},
  volume={2},
  number={7},
  year={2015}
}

% roberta
@article{roberta,
  title={{RoBERTa}: A robustly optimized {BERT} pretraining approach},
  author={Liu, Yinhan and Ott, Myle and Goyal, Naman and Du, Jingfei and Joshi, Mandar and Chen, Danqi and Levy, Omer and Lewis, Mike and Zettlemoyer, Luke and Stoyanov, Veselin},
  journal={arXiv preprint arXiv:1907.11692},
  year={2019}
}

%bert
@article{bert,
  title={{BERT}: Pre-training of deep bidirectional transformers for language understanding},
  author={Devlin, Jacob and Chang, Ming-Wei and Lee, Kenton and Toutanova, Kristina},
  journal={arXiv preprint arXiv:1810.04805},
  year={2018}
}


% deberta
@article{he2020deberta,
  title={{DeBERTa}: Decoding-enhanced {BERT} with disentangled attention},
  author={He, Pengcheng and Liu, Xiaodong and Gao, Jianfeng and Chen, Weizhu},
  journal={arXiv preprint arXiv:2006.03654},
  year={2020}
}


%GPT-3
@article{brown2020language,
  title={Language models are few-shot learners},
  author={Brown, Tom and Mann, Benjamin and Ryder, Nick and Subbiah, Melanie and Kaplan, Jared D and Dhariwal, Prafulla and Neelakantan, Arvind and Shyam, Pranav and Sastry, Girish and Askell, Amanda and others},
  journal={Advances in neural information processing systems},
  volume={33},
  pages={1877--1901},
  year={2020}
}


% PRUNING

% sixteen heads 
@article{sixteenheads,
  title={Are sixteen heads really better than one?},
  author={Michel, Paul and Levy, Omer and Neubig, Graham},
  journal={Advances in neural information processing systems},
  volume={32},
  year={2019}
}

% prune or not to prune
@article{prunenoprune,
  title={To prune, or not to prune: exploring the efficacy of pruning for model compression},
  author={Zhu, Michael and Gupta, Suyog},
  journal={arXiv preprint arXiv:1710.01878},
  year={2017}
}
