@ARTICLE{2018AJ....156..123A,
       author = {{Astropy Collaboration} and {Price-Whelan}, A.~M. and {Sip{\H{o}}cz}, B.~M. and {G{\"u}nther}, H.~M. and {Lim}, P.~L. and {Crawford}, S.~M. and {Conseil}, S. and {Shupe}, D.~L. and {Craig}, M.~W. and {Dencheva}, N. and {Ginsburg}, A. and {VanderPlas}, J.~T. and {Bradley}, L.~D. and {P{\'e}rez-Su{\'a}rez}, D. and {de Val-Borro}, M. and {Aldcroft}, T.~L. and {Cruz}, K.~L. and {Robitaille}, T.~P. and {Tollerud}, E.~J. and {Ardelean}, C. and {Babej}, T. and {Bach}, Y.~P. and {Bachetti}, M. and {Bakanov}, A.~V. and {Bamford}, S.~P. and {Barentsen}, G. and {Barmby}, P. and {Baumbach}, A. and {Berry}, K.~L. and {Biscani}, F. and {Boquien}, M. and {Bostroem}, K.~A. and {Bouma}, L.~G. and {Brammer}, G.~B. and {Bray}, E.~M. and {Breytenbach}, H. and {Buddelmeijer}, H. and {Burke}, D.~J. and {Calderone}, G. and {Cano Rodr{\'\i}guez}, J.~L. and {Cara}, M. and {Cardoso}, J.~V.~M. and {Cheedella}, S. and {Copin}, Y. and {Corrales}, L. and {Crichton}, D. and {D'Avella}, D. and {Deil}, C. and {Depagne}, {\'E}. and {Dietrich}, J.~P. and {Donath}, A. and {Droettboom}, M. and {Earl}, N. and {Erben}, T. and {Fabbro}, S. and {Ferreira}, L.~A. and {Finethy}, T. and {Fox}, R.~T. and {Garrison}, L.~H. and {Gibbons}, S.~L.~J. and {Goldstein}, D.~A. and {Gommers}, R. and {Greco}, J.~P. and {Greenfield}, P. and {Groener}, A.~M. and {Grollier}, F. and {Hagen}, A. and {Hirst}, P. and {Homeier}, D. and {Horton}, A.~J. and {Hosseinzadeh}, G. and {Hu}, L. and {Hunkeler}, J.~S. and {Ivezi{\'c}}, {\v{Z}}. and {Jain}, A. and {Jenness}, T. and {Kanarek}, G. and {Kendrew}, S. and {Kern}, N.~S. and {Kerzendorf}, W.~E. and {Khvalko}, A. and {King}, J. and {Kirkby}, D. and {Kulkarni}, A.~M. and {Kumar}, A. and {Lee}, A. and {Lenz}, D. and {Littlefair}, S.~P. and {Ma}, Z. and {Macleod}, D.~M. and {Mastropietro}, M. and {McCully}, C. and {Montagnac}, S. and {Morris}, B.~M. and {Mueller}, M. and {Mumford}, S.~J. and {Muna}, D. and {Murphy}, N.~A. and {Nelson}, S. and {Nguyen}, G.~H. and {Ninan}, J.~P. and {N{\"o}the}, M. and {Ogaz}, S. and {Oh}, S. and {Parejko}, J.~K. and {Parley}, N. and {Pascual}, S. and {Patil}, R. and {Patil}, A.~A. and {Plunkett}, A.~L. and {Prochaska}, J.~X. and {Rastogi}, T. and {Reddy Janga}, V. and {Sabater}, J. and {Sakurikar}, P. and {Seifert}, M. and {Sherbert}, L.~E. and {Sherwood-Taylor}, H. and {Shih}, A.~Y. and {Sick}, J. and {Silbiger}, M.~T. and {Singanamalla}, S. and {Singer}, L.~P. and {Sladen}, P.~H. and {Sooley}, K.~A. and {Sornarajah}, S. and {Streicher}, O. and {Teuben}, P. and {Thomas}, S.~W. and {Tremblay}, G.~R. and {Turner}, J.~E.~H. and {Terr{\'o}n}, V. and {van Kerkwijk}, M.~H. and {de la Vega}, A. and {Watkins}, L.~L. and {Weaver}, B.~A. and {Whitmore}, J.~B. and {Woillez}, J. and {Zabalza}, V. and {Astropy Contributors}},
        title = "{The Astropy Project: Building an Open-science Project and Status of the v2.0 Core Package}",
      journal = {\aj},
     keywords = {methods: data analysis, methods: miscellaneous, methods: statistical, reference systems, Astrophysics - Instrumentation and Methods for Astrophysics},
         year = 2018,
        month = sep,
       volume = {156},
       number = {3},
          eid = {123},
        pages = {123},
          doi = {10.3847/1538-3881/aabc4f},
archivePrefix = {arXiv},
       eprint = {1801.02634},
 primaryClass = {astro-ph.IM},
       adsurl = {https://ui.adsabs.harvard.edu/abs/2018AJ....156..123A},
      adsnote = {Provided by the SAO/NASA Astrophysics Data System}
}

@ARTICLE{2013A&A...558A..33A,
       author = {{Astropy Collaboration} and {Robitaille}, Thomas P. and
         {Tollerud}, Erik J. and {Greenfield}, Perry and {Droettboom}, Michael and
         {Bray}, Erik and {Aldcroft}, Tom and {Davis}, Matt and
         {Ginsburg}, Adam and {Price-Whelan}, Adrian M. and
         {Kerzendorf}, Wolfgang E. and {Conley}, Alexander and {Crighton}, Neil and
         {Barbary}, Kyle and {Muna}, Demitri and {Ferguson}, Henry and
         {Grollier}, Fr{\'e}d{\'e}ric and {Parikh}, Madhura M. and
         {Nair}, Prasanth H. and {Unther}, Hans M. and {Deil}, Christoph and
         {Woillez}, Julien and {Conseil}, Simon and {Kramer}, Roban and
         {Turner}, James E.~H. and {Singer}, Leo and {Fox}, Ryan and
         {Weaver}, Benjamin A. and {Zabalza}, Victor and {Edwards}, Zachary I. and
         {Azalee Bostroem}, K. and {Burke}, D.~J. and {Casey}, Andrew R. and
         {Crawford}, Steven M. and {Dencheva}, Nadia and {Ely}, Justin and
         {Jenness}, Tim and {Labrie}, Kathleen and {Lim}, Pey Lian and
         {Pierfederici}, Francesco and {Pontzen}, Andrew and {Ptak}, Andy and
         {Refsdal}, Brian and {Servillat}, Mathieu and {Streicher}, Ole},
        title = "{Astropy: A community Python package for astronomy}",
      journal = {\aap},
     keywords = {methods: data analysis, methods: miscellaneous, virtual observatory tools, Astrophysics - Instrumentation and Methods for Astrophysics},
         year = "2013",
        month = "Oct",
       volume = {558},
          eid = {A33},
        pages = {A33},
          doi = {10.1051/0004-6361/201322068},
archivePrefix = {arXiv},
       eprint = {1307.6212},
 primaryClass = {astro-ph.IM},
       adsurl = {https://ui.adsabs.harvard.edu/abs/2013A&A...558A..33A},
      adsnote = {Provided by the SAO/NASA Astrophysics Data System}
}


@ARTICLE{2024Sci...385..452R,
       author = {{Ravasio}, Maria Edvige and {Salafia}, Om Sharan and {Oganesyan}, Gor and {Mei}, Alessio and {Ghirlanda}, Giancarlo and {Ascenzi}, Stefano and {Banerjee}, Biswajit and {Macera}, Samanta and {Branchesi}, Marica and {Jonker}, Peter G. and {Levan}, Andrew J. and {Malesani}, Daniele B. and {Mulrey}, Katharine B. and {Giuliani}, Andrea and {Celotti}, Annalisa and {Ghisellini}, Gabriele},
        title = "{A mega{\textendash}electron volt emission line in the spectrum of a gamma-ray burst}",
      journal = {Science},
     keywords = {ASTRONOMY; PHYSICS, Astrophysics - High Energy Astrophysical Phenomena},
         year = 2024,
        month = jul,
       volume = {385},
       number = {6707},
        pages = {452-455},
          doi = {10.1126/science.adj3638},
archivePrefix = {arXiv},
       eprint = {2303.16223},
 primaryClass = {astro-ph.HE},
       adsurl = {https://ui.adsabs.harvard.edu/abs/2024Sci...385..452R},
      adsnote = {Provided by the SAO/NASA Astrophysics Data System}
}




@ARTICLE{1996A&AS..117..393B,
       author = {{Bertin}, E. and {Arnouts}, S.},
        title = "{SExtractor: Software for source extraction.}",
      journal = {\aaps},
     keywords = {METHODS: DATA ANALYSIS, TECHNIQUES: IMAGE PROCESSING, GALAXIES: PHOTOMETRY},
         year = "1996",
        month = "Jun",
       volume = {117},
        pages = {393-404},
          doi = {10.1051/aas:1996164},
       adsurl = {https://ui.adsabs.harvard.edu/abs/1996A&AS..117..393B},
      adsnote = {Provided by the SAO/NASA Astrophysics Data System}
}

@ARTICLE{2015PhR...561....1K,
       author = {{Kumar}, Pawan and {Zhang}, Bing},
        title = "{The physics of gamma-ray bursts \& relativistic jets}",
      journal = {\physrep},
     keywords = {Astrophysics - High Energy Astrophysical Phenomena},
         year = 2015,
        month = feb,
       volume = {561},
        pages = {1-109},
          doi = {10.1016/j.physrep.2014.09.008},
archivePrefix = {arXiv},
       eprint = {1410.0679},
 primaryClass = {astro-ph.HE},
       adsurl = {https://ui.adsabs.harvard.edu/abs/2015PhR...561....1K},
      adsnote = {Provided by the SAO/NASA Astrophysics Data System}
}

@ARTICLE{1993ApJ...413..281B,
       author = {{Band}, D. and {Matteson}, J. and {Ford}, L. and {Schaefer}, B. and {Palmer}, D. and {Teegarden}, B. and {Cline}, T. and {Briggs}, M. and {Paciesas}, W. and {Pendleton}, G. and {Fishman}, G. and {Kouveliotou}, C. and {Meegan}, C. and {Wilson}, R. and {Lestrade}, P.},
        title = "{BATSE Observations of Gamma-Ray Burst Spectra. I. Spectral Diversity}",
      journal = {\apj},
     keywords = {Galactic Halos, Gamma Ray Bursts, Gamma Ray Spectra, Statistical Analysis, Radiation Distribution, Transient Response, Space Radiation, GAMMA RAYS: BURSTS, RADIATION MECHANISMS: MISCELLANEOUS},
         year = 1993,
        month = aug,
       volume = {413},
        pages = {281},
          doi = {10.1086/172995},
       adsurl = {https://ui.adsabs.harvard.edu/abs/1993ApJ...413..281B},
      adsnote = {Provided by the SAO/NASA Astrophysics Data System}
}

@ARTICLE{2014NatPh..10..351U,
       author = {{Uhm}, Z. Lucas and {Zhang}, Bing},
        title = "{Fast-cooling synchrotron radiation in a decaying magnetic field and {\ensuremath{\gamma}}-ray burst emission mechanism}",
      journal = {Nature Physics},
     keywords = {Astrophysics - High Energy Astrophysical Phenomena},
         year = 2014,
        month = may,
       volume = {10},
       number = {5},
        pages = {351-356},
          doi = {10.1038/nphys2932},
archivePrefix = {arXiv},
       eprint = {1303.2704},
 primaryClass = {astro-ph.HE},
       adsurl = {https://ui.adsabs.harvard.edu/abs/2014NatPh..10..351U},
      adsnote = {Provided by the SAO/NASA Astrophysics Data System}
}

@ARTICLE{2011A&A...526A.110D,
       author = {{Daigne}, F. and {Bo{\v{s}}njak}, {\v{Z}}. and {Dubus}, G.},
        title = "{Reconciling observed gamma-ray burst prompt spectra with synchrotron radiation?}",
      journal = {\aap},
     keywords = {gamma-ray burst: general, shock waves, radiation mechanisms: non-thermal, Astrophysics - High Energy Astrophysical Phenomena, Astrophysics - Cosmology and Nongalactic Astrophysics},
         year = 2011,
        month = feb,
       volume = {526},
          eid = {A110},
        pages = {A110},
          doi = {10.1051/0004-6361/201015457},
archivePrefix = {arXiv},
       eprint = {1009.2636},
 primaryClass = {astro-ph.HE},
       adsurl = {https://ui.adsabs.harvard.edu/abs/2011A&A...526A.110D},
      adsnote = {Provided by the SAO/NASA Astrophysics Data System}
}


@ARTICLE{2014ApJ...784...17B,
       author = {{Burgess}, J.~M. and {Preece}, R.~D. and {Connaughton}, V. and {Briggs}, M.~S. and {Goldstein}, A. and {Bhat}, P.~N. and {Greiner}, J. and {Gruber}, D. and {Kienlin}, A. and {Kouveliotou}, C. and {McGlynn}, S. and {Meegan}, C.~A. and {Paciesas}, W.~S. and {Rau}, A. and {Xiong}, S. and {Axelsson}, M. and {Baring}, M.~G. and {Dermer}, C.~D. and {Iyyani}, S. and {Kocevski}, D. and {Omodei}, N. and {Ryde}, F. and {Vianello}, G.},
        title = "{Time-resolved Analysis of Fermi Gamma-Ray Bursts with Fast- and Slow-cooled Synchrotron Photon Models}",
      journal = {\apj},
     keywords = {acceleration of particles, gamma-ray burst: general, gamma rays: stars, methods: data analysis, radiation mechanisms: non-thermal, radiation mechanisms: thermal, Astrophysics - High Energy Astrophysical Phenomena},
         year = 2014,
        month = mar,
       volume = {784},
       number = {1},
          eid = {17},
        pages = {17},
          doi = {10.1088/0004-637X/784/1/17},
archivePrefix = {arXiv},
       eprint = {1304.4628},
 primaryClass = {astro-ph.HE},
       adsurl = {https://ui.adsabs.harvard.edu/abs/2014ApJ...784...17B},
      adsnote = {Provided by the SAO/NASA Astrophysics Data System}
}

@ARTICLE{2016ApJ...816...72Z,
       author = {{Zhang}, Bin-Bin and {Uhm}, Z. Lucas and {Connaughton}, Valerie and {Briggs}, Michael S. and {Zhang}, Bing},
        title = "{Synchrotron Origin of the Typical GRB Band Function{\textemdash}A Case Study of GRB 130606B}",
      journal = {\apj},
     keywords = {gamma-ray burst: general, Astrophysics - High Energy Astrophysical Phenomena},
         year = 2016,
        month = jan,
       volume = {816},
       number = {2},
          eid = {72},
        pages = {72},
          doi = {10.3847/0004-637X/816/2/72},
archivePrefix = {arXiv},
       eprint = {1505.05858},
 primaryClass = {astro-ph.HE},
       adsurl = {https://ui.adsabs.harvard.edu/abs/2016ApJ...816...72Z},
      adsnote = {Provided by the SAO/NASA Astrophysics Data System}
}

@ARTICLE{2019A&A...627A.105B,
       author = {{Burgess}, J.~M. and {Kole}, M. and {Berlato}, F. and {Greiner}, J. and {Vianello}, G. and {Produit}, N. and {Li}, Z.~H. and {Sun}, J.~C.},
        title = "{Time-resolved GRB polarization with POLAR and GBM. Simultaneous spectral and polarization analysis with synchrotron emission}",
      journal = {\aap},
     keywords = {polarization, {\ensuremath{\gamma}}-ray burst: general, methods: data analysis, methods: statistical, Astrophysics - High Energy Astrophysical Phenomena},
         year = 2019,
        month = jul,
       volume = {627},
          eid = {A105},
        pages = {A105},
          doi = {10.1051/0004-6361/201935056},
archivePrefix = {arXiv},
       eprint = {1901.04719},
 primaryClass = {astro-ph.HE},
       adsurl = {https://ui.adsabs.harvard.edu/abs/2019A&A...627A.105B},
      adsnote = {Provided by the SAO/NASA Astrophysics Data System}
}

@ARTICLE{2000ApJ...530..292M,
       author = {{M{\'e}sz{\'a}ros}, P. and {Rees}, M.~J.},
        title = "{Steep Slopes and Preferred Breaks in Gamma-Ray Burst Spectra: The Role of Photospheres and Comptonization}",
      journal = {\apj},
     keywords = {COSMOLOGY: MISCELLANEOUS, GAMMA RAYS: BURSTS, RADIATION MECHANISMS: THERMAL, Astrophysics},
         year = 2000,
        month = feb,
       volume = {530},
       number = {1},
        pages = {292-298},
          doi = {10.1086/308371},
archivePrefix = {arXiv},
       eprint = {astro-ph/9908126},
 primaryClass = {astro-ph},
       adsurl = {https://ui.adsabs.harvard.edu/abs/2000ApJ...530..292M},
      adsnote = {Provided by the SAO/NASA Astrophysics Data System}
}

@ARTICLE{2010ApJ...709L.172R,
       author = {{Ryde}, F. and {Axelsson}, M. and {Zhang}, B.~B. and {McGlynn}, S. and {Pe'er}, A. and {Lundman}, C. and {Larsson}, S. and {Battelino}, M. and {Zhang}, B. and {Bissaldi}, E. and {Bregeon}, J. and {Briggs}, M.~S. and {Chiang}, J. and {de Palma}, F. and {Guiriec}, S. and {Larsson}, J. and {Longo}, F. and {McBreen}, S. and {Omodei}, N. and {Petrosian}, V. and {Preece}, R. and {van der Horst}, A.~J.},
        title = "{Identification and Properties of the Photospheric Emission in GRB090902B}",
      journal = {\apjl},
     keywords = {gamma-ray burst: individual: GRB090902B, gamma rays: general, radiation mechanisms: thermal, Astrophysics - High Energy Astrophysical Phenomena, Astrophysics - Cosmology and Nongalactic Astrophysics},
         year = 2010,
        month = feb,
       volume = {709},
       number = {2},
        pages = {L172-L177},
          doi = {10.1088/2041-8205/709/2/L172},
archivePrefix = {arXiv},
       eprint = {0911.2025},
 primaryClass = {astro-ph.HE},
       adsurl = {https://ui.adsabs.harvard.edu/abs/2010ApJ...709L.172R},
      adsnote = {Provided by the SAO/NASA Astrophysics Data System}
}

@ARTICLE{2015ApJ...801..103G,
       author = {{Gao}, He and {Zhang}, Bing},
        title = "{Photosphere Emission from a Hybrid Relativistic Outflow with Arbitrary Dimensionless Entropy and Magnetization in GRBs}",
      journal = {\apj},
     keywords = {gamma-ray burst: general, Astrophysics - High Energy Astrophysical Phenomena},
         year = 2015,
        month = mar,
       volume = {801},
       number = {2},
          eid = {103},
        pages = {103},
          doi = {10.1088/0004-637X/801/2/103},
archivePrefix = {arXiv},
       eprint = {1409.3584},
 primaryClass = {astro-ph.HE},
       adsurl = {https://ui.adsabs.harvard.edu/abs/2015ApJ...801..103G},
      adsnote = {Provided by the SAO/NASA Astrophysics Data System}
}

@ARTICLE{2011ApJ...729..114A,
       author = {{Ackermann}, M. and {Ajello}, M. and {Asano}, K. and {Axelsson}, M. and {Baldini}, L. and {Ballet}, J. and {Barbiellini}, G. and {Baring}, M.~G. and {Bastieri}, D. and {Bechtol}, K. and {Bellazzini}, R. and {Berenji}, B. and {Bhat}, P.~N. and {Bissaldi}, E. and {Blandford}, R.~D. and {Bonamente}, E. and {Borgland}, A.~W. and {Bouvier}, A. and {Bregeon}, J. and {Brez}, A. and {Briggs}, M.~S. and {Brigida}, M. and {Bruel}, P. and {Buehler}, R. and {Buson}, S. and {Caliandro}, G.~A. and {Cameron}, R.~A. and {Caraveo}, P.~A. and {Carrigan}, S. and {Casandjian}, J.~M. and {Cecchi}, C. and {{\c{C}}elik}, {\"O}. and {Chaplin}, V. and {Charles}, E. and {Chekhtman}, A. and {Chiang}, J. and {Ciprini}, S. and {Claus}, R. and {Cohen-Tanugi}, J. and {Connaughton}, V. and {Conrad}, J. and {Cutini}, S. and {Dermer}, C.~D. and {de Angelis}, A. and {de Palma}, F. and {Dingus}, B.~L. and {Silva}, E. do Couto e. and {Drell}, P.~S. and {Dubois}, R. and {Favuzzi}, C. and {Fegan}, S.~J. and {Ferrara}, E.~C. and {Focke}, W.~B. and {Frailis}, M. and {Fukazawa}, Y. and {Funk}, S. and {Fusco}, P. and {Gargano}, F. and {Gasparrini}, D. and {Gehrels}, N. and {Germani}, S. and {Giglietto}, N. and {Giordano}, F. and {Giroletti}, M. and {Glanzman}, T. and {Godfrey}, G. and {Goldstein}, A. and {Granot}, J. and {Greiner}, J. and {Grenier}, I.~A. and {Grove}, J.~E. and {Guiriec}, S. and {Hadasch}, D. and {Hanabata}, Y. and {Harding}, A.~K. and {Hayashi}, K. and {Hayashida}, M. and {Hays}, E. and {Horan}, D. and {Hughes}, R.~E. and {Itoh}, R. and {J{\'o}hannesson}, G. and {Johnson}, A.~S. and {Johnson}, W.~N. and {Kamae}, T. and {Katagiri}, H. and {Kataoka}, J. and {Kippen}, R.~M. and {Kn{\"o}dlseder}, J. and {Kocevski}, D. and {Kouveliotou}, C. and {Kuss}, M. and {Lande}, J. and {Latronico}, L. and {Lee}, S. -H. and {Llena Garde}, M. and {Longo}, F. and {Loparco}, F. and {Lovellette}, M.~N. and {Lubrano}, P. and {Makeev}, A. and {Mazziotta}, M.~N. and {McBreen}, S. and {McEnery}, J.~E. and {McGlynn}, S. and {Meegan}, C. and {Mehault}, J. and {M{\'e}sz{\'a}ros}, P. and {Michelson}, P.~F. and {Mizuno}, T. and {Monte}, C. and {Monzani}, M.~E. and {Moretti}, E. and {Morselli}, A. and {Moskalenko}, I.~V. and {Murgia}, S. and {Nakajima}, H. and {Nakamori}, T. and {Naumann-Godo}, M. and {Nishino}, S. and {Nolan}, P.~L. and {Norris}, J.~P. and {Nuss}, E. and {Ohno}, M. and {Ohsugi}, T. and {Okumura}, A. and {Omodei}, N. and {Orlando}, E. and {Ormes}, J.~F. and {Ozaki}, M. and {Paciesas}, W.~S. and {Paneque}, D. and {Panetta}, J.~H. and {Parent}, D. and {Pelassa}, V. and {Pepe}, M. and {Pesce-Rollins}, M. and {Petrosian}, V. and {Piron}, F. and {Porter}, T.~A. and {Preece}, R. and {Racusin}, J.~L. and {Rain{\`o}}, S. and {Rando}, R. and {Rau}, A. and {Razzano}, M. and {Razzaque}, S. and {Reimer}, A. and {Reimer}, O. and {Reposeur}, T. and {Reyes}, L.~C. and {Ripken}, J. and {Ritz}, S. and {Roth}, M. and {Ryde}, F. and {Sadrozinski}, H.~F. -W. and {Sander}, A. and {Scargle}, J.~D. and {Schalk}, T.~L. and {Sgr{\`o}}, C. and {Siskind}, E.~J. and {Smith}, P.~D. and {Spandre}, G. and {Spinelli}, P. and {Stamatikos}, M. and {Stecker}, F.~W. and {Strickman}, M.~S. and {Suson}, D.~J. and {Tajima}, H. and {Takahashi}, H. and {Tanaka}, T. and {Tanaka}, Y. and {Thayer}, J.~B. and {Thayer}, J.~G. and {Tibaldo}, L. and {Tierney}, D. and {Toma}, K. and {Torres}, D.~F. and {Tosti}, G. and {Tramacere}, A. and {Uchiyama}, Y. and {Uehara}, T. and {Usher}, T.~L. and {Vandenbroucke}, J. and {van der Horst}, A.~J. and {Vasileiou}, V. and {Vilchez}, N. and {Vitale}, V. and {von Kienlin}, A. and {Waite}, A.~P. and {Wang}, P. and {Wilson-Hodge}, C. and {Winer}, B.~L. and {Wood}, K.~S. and {Wu}, X.~F. and {Yamazaki}, R. and {Yang}, Z. and {Ylinen}, T. and {Ziegler}, M.},
        title = "{Detection of a Spectral Break in the Extra Hard Component of GRB 090926A}",
      journal = {\apj},
     keywords = {gamma-ray burst: individual: GRB 090926A, Astrophysics - High Energy Astrophysical Phenomena, Astrophysics - Cosmology and Nongalactic Astrophysics},
         year = 2011,
        month = mar,
       volume = {729},
       number = {2},
          eid = {114},
        pages = {114},
          doi = {10.1088/0004-637X/729/2/114},
archivePrefix = {arXiv},
       eprint = {1101.2082},
 primaryClass = {astro-ph.HE},
       adsurl = {https://ui.adsabs.harvard.edu/abs/2011ApJ...729..114A},
      adsnote = {Provided by the SAO/NASA Astrophysics Data System}
}

@ARTICLE{2009ApJ...703.1044B,
       author = {{Beloborodov}, Andrei M.},
        title = "{Untwisting Magnetospheres of Neutron Stars}",
      journal = {\apj},
     keywords = {plasmas, stars: magnetic fields, stars: neutron, Astrophysics},
         year = 2009,
        month = sep,
       volume = {703},
       number = {1},
        pages = {1044-1060},
          doi = {10.1088/0004-637X/703/1/1044},
archivePrefix = {arXiv},
       eprint = {0812.4873},
 primaryClass = {astro-ph},
       adsurl = {https://ui.adsabs.harvard.edu/abs/2009ApJ...703.1044B},
      adsnote = {Provided by the SAO/NASA Astrophysics Data System}
}

@ARTICLE{2009ApJ...706L..33G,
       author = {{Gao}, Wei-Hong and {Mao}, Jirong and {Xu}, Dong and {Fan}, Yi-Zhong},
        title = "{GRB 080916C and GRB 090510: The High-Energy Emission and the Afterglow}",
      journal = {\apjl},
     keywords = {gamma rays: bursts, plasmas, radiation mechanisms: non-thermal, Astrophysics - High Energy Astrophysical Phenomena},
         year = 2009,
        month = nov,
       volume = {706},
       number = {1},
        pages = {L33-L36},
          doi = {10.1088/0004-637X/706/1/L33},
archivePrefix = {arXiv},
       eprint = {0908.3975},
 primaryClass = {astro-ph.HE},
       adsurl = {https://ui.adsabs.harvard.edu/abs/2009ApJ...706L..33G},
      adsnote = {Provided by the SAO/NASA Astrophysics Data System}
}
@ARTICLE{2010ApJ...717L.127A,
       author = {{Ackermann}, M. and {Ajello}, M. and {Baldini}, L. and {Ballet}, J. and {Barbiellini}, G. and {Baring}, M.~G. and {Bastieri}, D. and {Bechtol}, K. and {Bellazzini}, R. and {Berenji}, B. and {Bhat}, P.~N. and {Bissaldi}, E. and {Blandford}, R.~D. and {Bonamente}, E. and {Borgland}, A.~W. and {Bouvier}, A. and {Bregeon}, J. and {Brez}, A. and {Briggs}, M.~S. and {Brigida}, M. and {Bruel}, P. and {Buehler}, R. and {Buson}, S. and {Caliandro}, G.~A. and {Cameron}, R.~A. and {Caraveo}, P.~A. and {Carrigan}, S. and {Casandjian}, J.~M. and {Cecchi}, C. and {{\c{C}}elik}, {\"O}. and {Charles}, E. and {Chekhtman}, A. and {Chiang}, J. and {Ciprini}, S. and {Claus}, R. and {Cohen-Tanugi}, J. and {Connaughton}, V. and {Conrad}, J. and {Cutini}, S. and {Dermer}, C.~D. and {de Angelis}, A. and {de Palma}, F. and {Digel}, S.~W. and {Silva}, E. do Couto e. and {Drell}, P.~S. and {Dubois}, R. and {Favuzzi}, C. and {Fegan}, S.~J. and {Ferrara}, E.~C. and {Frailis}, M. and {Fukazawa}, Y. and {Fusco}, P. and {Gargano}, F. and {Gasparrini}, D. and {Gehrels}, N. and {Germani}, S. and {Giglietto}, N. and {Giommi}, P. and {Giordano}, F. and {Giroletti}, M. and {Glanzman}, T. and {Godfrey}, G. and {Granot}, J. and {Grenier}, I.~A. and {Grove}, J.~E. and {Guillemot}, L. and {Guiriec}, S. and {Hadasch}, D. and {Hays}, E. and {Horan}, D. and {Hughes}, R.~E. and {J{\'o}hannesson}, G. and {Johnson}, A.~S. and {Johnson}, W.~N. and {Kamae}, T. and {Katagiri}, H. and {Kippen}, R.~M. and {Kn{\"o}dlseder}, J. and {Kocevski}, D. and {Kuss}, M. and {Lande}, J. and {Latronico}, L. and {Lee}, S. -H. and {Llena Garde}, M. and {Longo}, F. and {Loparco}, F. and {Lovellette}, M.~N. and {Lubrano}, P. and {Makeev}, A. and {Mazziotta}, M.~N. and {McBreen}, S. and {McEnery}, J.~E. and {McGlynn}, S. and {Meegan}, C. and {Mehault}, J. and {M{\'e}sz{\'a}ros}, P. and {Michelson}, P.~F. and {Mizuno}, T. and {Moiseev}, A.~A. and {Monte}, C. and {Monzani}, M.~E. and {Moretti}, E. and {Morselli}, A. and {Moskalenko}, I.~V. and {Murgia}, S. and {Nakajima}, H. and {Nakamori}, T. and {Naumann-Godo}, M. and {Nolan}, P.~L. and {Norris}, J.~P. and {Nuss}, E. and {Ohno}, M. and {Ohsugi}, T. and {Okumura}, A. and {Omodei}, N. and {Orlando}, E. and {Ormes}, J.~F. and {Ozaki}, M. and {Paciesas}, W.~S. and {Paneque}, D. and {Panetta}, J.~H. and {Parent}, D. and {Pelassa}, V. and {Pepe}, M. and {Pesce-Rollins}, M. and {Petrosian}, V. and {Piron}, F. and {Porter}, T.~A. and {Preece}, R. and {Racusin}, J.~L. and {Rain{\`o}}, S. and {Rando}, R. and {Rau}, A. and {Razzano}, M. and {Razzaque}, S. and {Reimer}, A. and {Reimer}, O. and {Ripken}, J. and {Roth}, M. and {Ryde}, F. and {Sadrozinski}, H.~F. -W. and {Sander}, A. and {Scargle}, J.~D. and {Schalk}, T.~L. and {Sgr{\`o}}, C. and {Siskind}, E.~J. and {Smith}, P.~D. and {Spandre}, G. and {Spinelli}, P. and {Stamatikos}, M. and {Strickman}, M.~S. and {Suson}, D.~J. and {Tajima}, H. and {Takahashi}, H. and {Tanaka}, T. and {Thayer}, J.~B. and {Thayer}, J.~G. and {Tibaldo}, L. and {Torres}, D.~F. and {Tosti}, G. and {Tramacere}, A. and {Uehara}, T. and {Usher}, T.~L. and {Vandenbroucke}, J. and {van der Horst}, A.~J. and {Vasileiou}, V. and {Vilchez}, N. and {Vitale}, V. and {von Kienlin}, A. and {Waite}, A.~P. and {Wang}, P. and {Wilson-Hodge}, C. and {Winer}, B.~L. and {Wood}, K.~S. and {Wu}, X.~F. and {Yamazaki}, R. and {Yang}, Z. and {Ylinen}, T. and {Ziegler}, M. and {Fermi LAT Collaboration} and {Fermi GBM Collaboration}},
        title = "{Fermi Observations of High-energy Gamma-ray Emission from GRB 090217A}",
      journal = {\apjl},
     keywords = {gamma-ray burst: individual: GRB090217A, Astrophysics - High Energy Astrophysical Phenomena},
         year = 2010,
        month = jul,
       volume = {717},
       number = {2},
        pages = {L127-L132},
          doi = {10.1088/2041-8205/717/2/L127},
archivePrefix = {arXiv},
       eprint = {1007.3409},
 primaryClass = {astro-ph.HE},
       adsurl = {https://ui.adsabs.harvard.edu/abs/2010ApJ...717L.127A},
      adsnote = {Provided by the SAO/NASA Astrophysics Data System}
}

@ARTICLE{2009MNRAS.400L..75K,
       author = {{Kumar}, P. and {Barniol Duran}, R.},
        title = "{On the generation of high-energy photons detected by the Fermi Satellite from gamma-ray bursts}",
      journal = {\mnras},
     keywords = {radiation mechanisms: non-thermal, methods: analytical, gamma-rays: bursts, gamma-rays: theory, Astrophysics - High Energy Astrophysical Phenomena},
         year = 2009,
        month = nov,
       volume = {400},
       number = {1},
        pages = {L75-L79},
          doi = {10.1111/j.1745-3933.2009.00766.x},
archivePrefix = {arXiv},
       eprint = {0905.2417},
 primaryClass = {astro-ph.HE},
       adsurl = {https://ui.adsabs.harvard.edu/abs/2009MNRAS.400L..75K},
      adsnote = {Provided by the SAO/NASA Astrophysics Data System}
}

@ARTICLE{2010MNRAS.403..926G,
       author = {{Ghisellini}, G. and {Ghirlanda}, G. and {Nava}, L. and {Celotti}, A.},
        title = "{GeV emission from gamma-ray bursts: a radiative fireball?}",
      journal = {\mnras},
     keywords = {radiation mechanisms: non-thermal, gamma-rays: bursts, gamma-rays: theory, X-rays: general, Astrophysics - High Energy Astrophysical Phenomena, Astrophysics - Cosmology and Nongalactic Astrophysics},
         year = 2010,
        month = apr,
       volume = {403},
       number = {2},
        pages = {926-937},
          doi = {10.1111/j.1365-2966.2009.16171.x},
archivePrefix = {arXiv},
       eprint = {0910.2459},
 primaryClass = {astro-ph.HE},
       adsurl = {https://ui.adsabs.harvard.edu/abs/2010MNRAS.403..926G},
      adsnote = {Provided by the SAO/NASA Astrophysics Data System}
}




@ARTICLE{2006ApJ...650.1004B,
       author = {{Baring}, Matthew G.},
        title = "{Temporal Evolution of Pair Attenuation Signatures in Gamma-Ray Burst Spectra}",
      journal = {\apj},
     keywords = {Gamma Rays: Bursts, Gamma Rays: Theory, Radiation Mechanisms: Nonthermal, Relativity, Astrophysics},
         year = 2006,
        month = oct,
       volume = {650},
       number = {2},
        pages = {1004-1019},
          doi = {10.1086/506960},
archivePrefix = {arXiv},
       eprint = {astro-ph/0606425},
 primaryClass = {astro-ph},
       adsurl = {https://ui.adsabs.harvard.edu/abs/2006ApJ...650.1004B},
      adsnote = {Provided by the SAO/NASA Astrophysics Data System}
}

@ARTICLE{2000ApJ...541L...9K,
       author = {{Kumar}, Pawan and {Panaitescu}, Alin},
        title = "{Steepening of Afterglow Decay for Jets Interacting with Stratified Media}",
      journal = {\apjl},
     keywords = {Gamma Rays: Bursts, Gamma Rays: Theory, Astrophysics},
         year = 2000,
        month = sep,
       volume = {541},
       number = {1},
        pages = {L9-L12},
          doi = {10.1086/312888},
archivePrefix = {arXiv},
       eprint = {astro-ph/0003264},
 primaryClass = {astro-ph},
       adsurl = {https://ui.adsabs.harvard.edu/abs/2000ApJ...541L...9K},
      adsnote = {Provided by the SAO/NASA Astrophysics Data System}
}

@ARTICLE{2014A&A...568A..45B,
       author = {{Bo{\v{s}}njak}, {\v{Z}}eljka and {Daigne}, Fr{\'e}d{\'e}ric},
        title = "{Spectral evolution in gamma-ray bursts: Predictions of the internal shock model and comparison to observations}",
      journal = {\aap},
     keywords = {gamma-ray burst: general, shock waves, radiation mechanisms: non-thermal, methods: numerical, Astrophysics - High Energy Astrophysical Phenomena},
         year = 2014,
        month = aug,
       volume = {568},
          eid = {A45},
        pages = {A45},
          doi = {10.1051/0004-6361/201322341},
archivePrefix = {arXiv},
       eprint = {1404.4577},
 primaryClass = {astro-ph.HE},
       adsurl = {https://ui.adsabs.harvard.edu/abs/2014A&A...568A..45B},
      adsnote = {Provided by the SAO/NASA Astrophysics Data System}
}
@ARTICLE{2009ApJ...698L..98W,
       author = {{Wang}, Xiang-Yu and {Li}, Zhuo and {Dai}, Zi-Gao and {M{\'e}sz{\'a}ros}, Peter},
        title = "{GRB 080916C: On the Radiation Origin of the Prompt Emission from keV/MeV TO GeV}",
      journal = {\apjl},
     keywords = {gamma rays: bursts, shock waves, Astrophysics - High Energy Astrophysical Phenomena},
         year = 2009,
        month = jun,
       volume = {698},
       number = {2},
        pages = {L98-L102},
          doi = {10.1088/0004-637X/698/2/L98},
archivePrefix = {arXiv},
       eprint = {0903.2086},
 primaryClass = {astro-ph.HE},
       adsurl = {https://ui.adsabs.harvard.edu/abs/2009ApJ...698L..98W},
      adsnote = {Provided by the SAO/NASA Astrophysics Data System}
}


@ARTICLE{1978AnSta...6..461S,
       author = {{Schwarz}, Gideon},
        title = "{Estimating the Dimension of a Model}",
      journal = {Annals of Statistics},
         year = 1978,
        month = jul,
       volume = {6},
       number = {2},
        pages = {461-464},
       adsurl = {https://ui.adsabs.harvard.edu/abs/1978AnSta...6..461S},
      adsnote = {Provided by the SAO/NASA Astrophysics Data System}
}

@ARTICLE{2017JCAP...01..005N,
       author = {{Nunes}, Rafael C. and {Pan}, Supriya and {Saridakis}, Emmanuel N. and {Abreu}, Everton M.~C.},
        title = "{New observational constraints on f(R) gravity from cosmic chronometers}",
      journal = {\jcap},
     keywords = {Astrophysics - Cosmology and Nongalactic Astrophysics, General Relativity and Quantum Cosmology, High Energy Physics - Theory},
         year = 2017,
        month = jan,
       volume = {2017},
       number = {1},
          eid = {005},
        pages = {005},
          doi = {10.1088/1475-7516/2017/01/005},
archivePrefix = {arXiv},
       eprint = {1610.07518},
 primaryClass = {astro-ph.CO},
       adsurl = {https://ui.adsabs.harvard.edu/abs/2017JCAP...01..005N},
      adsnote = {Provided by the SAO/NASA Astrophysics Data System}
}




@INPROCEEDINGS{1996ASPC..101...17A,
       author = {{Arnaud}, K.~A.},
        title = "{XSPEC: The First Ten Years}",
    booktitle = {Astronomical Data Analysis Software and Systems V},
         year = 1996,
       editor = {{Jacoby}, George H. and {Barnes}, Jeannette},
       series = {Astronomical Society of the Pacific Conference Series},
       volume = {101},
        month = jan,
        pages = {17},
       adsurl = {https://ui.adsabs.harvard.edu/abs/1996ASPC..101...17A},
      adsnote = {Provided by the SAO/NASA Astrophysics Data System}
}



@ARTICLE{2009ApJ...705L.191A,
       author = {{Asano}, Katsuaki and {Guiriec}, Sylvain and {M{\'e}sz{\'a}ros}, Peter},
        title = "{Hadronic Models for the Extra Spectral Component in the Short GRB 090510}",
      journal = {\apjl},
     keywords = {cosmic rays, gamma rays: bursts, gamma rays: theory, radiation mechanisms: non-thermal, Astrophysics - High Energy Astrophysical Phenomena, Astrophysics - Cosmology and Nongalactic Astrophysics},
         year = 2009,
        month = nov,
       volume = {705},
       number = {2},
        pages = {L191-L194},
          doi = {10.1088/0004-637X/705/2/L191},
archivePrefix = {arXiv},
       eprint = {0909.0306},
 primaryClass = {astro-ph.HE},
       adsurl = {https://ui.adsabs.harvard.edu/abs/2009ApJ...705L.191A},
      adsnote = {Provided by the SAO/NASA Astrophysics Data System}
}





@ARTICLE{2008ApJ...677...92G,
       author = {{Granot}, Jonathan and {Cohen-Tanugi}, Johann and {Silva}, Eduardo do Couto e.},
        title = "{Opacity Buildup in Impulsive Relativistic Sources}",
      journal = {\apj},
     keywords = {galaxies: jets, gamma rays: bursts, gamma rays: theory, methods: analytical, relativity, Astrophysics},
         year = 2008,
        month = apr,
       volume = {677},
       number = {1},
        pages = {92-126},
          doi = {10.1086/526414},
archivePrefix = {arXiv},
       eprint = {0708.4228},
 primaryClass = {astro-ph},
       adsurl = {https://ui.adsabs.harvard.edu/abs/2008ApJ...677...92G},
      adsnote = {Provided by the SAO/NASA Astrophysics Data System}
}





@ARTICLE{2024arXiv240914716C,
       author = {{Cheng}, Yehao and {Pan}, Yu and {Yang}, Yuan-Pei and {Zhang}, Jinghua and {Du}, Guowang and {Fang}, Yuan and {Kumar}, Brajesh and {Guo}, Helong and {Er}, Xinzhong and {Chen}, Xinlei and {Liu}, Chenxu and {Wang}, Tao and {Qin}, Zhenfei and {Jin}, Yicheng and {Zou}, Xingzhu and {Han}, Xuhui and {Zhang}, Pinpin and {Xin}, Liping and {Wu}, Chao and {Lian}, Jianhui and {Liu}, Xiangkun and {Liu}, Xiaowei},
        title = "{Simultaneous Multiband Photometry of the Early Optical Afterglow of GRB 240825A with Mephisto}",
      journal = {arXiv e-prints},
     keywords = {Astrophysics - High Energy Astrophysical Phenomena},
         year = 2024,
        month = sep,
          eid = {arXiv:2409.14716},
        pages = {arXiv:2409.14716},
          doi = {10.48550/arXiv.2409.14716},
archivePrefix = {arXiv},
       eprint = {2409.14716},
 primaryClass = {astro-ph.HE},
       adsurl = {https://ui.adsabs.harvard.edu/abs/2024arXiv240914716C},
      adsnote = {Provided by the SAO/NASA Astrophysics Data System}
}


@ARTICLE{2009ApJ...706L.138A,
       author = {{Abdo}, A.~A. and {Ackermann}, M. and {Ajello}, M. and {Asano}, K. and {Atwood}, W.~B. and {Axelsson}, M. and {Baldini}, L. and {Ballet}, J. and {Barbiellini}, G. and {Baring}, M.~G. and {Bastieri}, D. and {Bechtol}, K. and {Bellazzini}, R. and {Berenji}, B. and {Bhat}, P.~N. and {Bissaldi}, E. and {Blandford}, R.~D. and {Bloom}, E.~D. and {Bonamente}, E. and {Borgland}, A.~W. and {Bouvier}, A. and {Bregeon}, J. and {Brez}, A. and {Briggs}, M.~S. and {Brigida}, M. and {Bruel}, P. and {Burgess}, J.~M. and {Burrows}, D.~N. and {Buson}, S. and {Caliandro}, G.~A. and {Cameron}, R.~A. and {Caraveo}, P.~A. and {Casandjian}, J.~M. and {Cecchi}, C. and {{\c{C}}elik}, {\"O}. and {Chekhtman}, A. and {Cheung}, C.~C. and {Chiang}, J. and {Ciprini}, S. and {Claus}, R. and {Cohen-Tanugi}, J. and {Cominsky}, L.~R. and {Connaughton}, V. and {Conrad}, J. and {Cutini}, S. and {d'Elia}, V. and {Dermer}, C.~D. and {de Angelis}, A. and {de Palma}, F. and {Digel}, S.~W. and {Dingus}, B.~L. and {Silva}, E. do Couto e. and {Drell}, P.~S. and {Dubois}, R. and {Dumora}, D. and {Farnier}, C. and {Favuzzi}, C. and {Fegan}, S.~J. and {Finke}, J. and {Fishman}, G. and {Focke}, W.~B. and {Fortin}, P. and {Frailis}, M. and {Fukazawa}, Y. and {Funk}, S. and {Fusco}, P. and {Gargano}, F. and {Gehrels}, N. and {Germani}, S. and {Giavitto}, G. and {Giebels}, B. and {Giglietto}, N. and {Giordano}, F. and {Glanzman}, T. and {Godfrey}, G. and {Goldstein}, A. and {Granot}, J. and {Greiner}, J. and {Grenier}, I.~A. and {Grove}, J.~E. and {Guillemot}, L. and {Guiriec}, S. and {Hanabata}, Y. and {Harding}, A.~K. and {Hayashida}, M. and {Hays}, E. and {Horan}, D. and {Hughes}, R.~E. and {Jackson}, M.~S. and {J{\'o}hannesson}, G. and {Johnson}, A.~S. and {Johnson}, R.~P. and {Johnson}, W.~N. and {Kamae}, T. and {Katagiri}, H. and {Kataoka}, J. and {Kawai}, N. and {Kerr}, M. and {Kippen}, R.~M. and {Kn{\"o}dlseder}, J. and {Kocevski}, D. and {Komin}, N. and {Kouveliotou}, C. and {Kuss}, M. and {Lande}, J. and {Latronico}, L. and {Lemoine-Goumard}, M. and {Longo}, F. and {Loparco}, F. and {Lott}, B. and {Lovellette}, M.~N. and {Lubrano}, P. and {Madejski}, G.~M. and {Makeev}, A. and {Mazziotta}, M.~N. and {McBreen}, S. and {McEnery}, J.~E. and {McGlynn}, S. and {Meegan}, C. and {M{\'e}sz{\'a}ros}, P. and {Meurer}, C. and {Michelson}, P.~F. and {Mitthumsiri}, W. and {Mizuno}, T. and {Moiseev}, A.~A. and {Monte}, C. and {Monzani}, M.~E. and {Moretti}, E. and {Morselli}, A. and {Moskalenko}, I.~V. and {Murgia}, S. and {Nakamori}, T. and {Nolan}, P.~L. and {Norris}, J.~P. and {Nuss}, E. and {Ohno}, M. and {Ohsugi}, T. and {Omodei}, N. and {Orlando}, E. and {Ormes}, J.~F. and {Paciesas}, W.~S. and {Paneque}, D. and {Panetta}, J.~H. and {Pelassa}, V. and {Pepe}, M. and {Pesce-Rollins}, M. and {Petrosian}, V. and {Piron}, F. and {Porter}, T.~A. and {Preece}, R. and {Rain{\`o}}, S. and {Rando}, R. and {Rau}, A. and {Razzano}, M. and {Razzaque}, S. and {Reimer}, A. and {Reimer}, O. and {Reposeur}, T. and {Ritz}, S. and {Rochester}, L.~S. and {Rodriguez}, A.~Y. and {Roming}, P.~W.~A. and {Roth}, M. and {Ryde}, F. and {Sadrozinski}, H.~F. -W. and {Sanchez}, D. and {Sander}, A. and {Saz Parkinson}, P.~M. and {Scargle}, J.~D. and {Schalk}, T.~L. and {Sgr{\`o}}, C. and {Siskind}, E.~J. and {Smith}, P.~D. and {Spinelli}, P. and {Stamatikos}, M. and {Stecker}, F.~W. and {Stratta}, G. and {Strickman}, M.~S. and {Suson}, D.~J. and {Swenson}, C.~A. and {Tajima}, H. and {Takahashi}, H. and {Tanaka}, T. and {Thayer}, J.~B. and {Thayer}, J.~G. and {Thompson}, D.~J. and {Tibaldo}, L. and {Torres}, D.~F. and {Tosti}, G. and {Tramacere}, A. and {Uchiyama}, Y. and {Uehara}, T. and {Usher}, T.~L. and {van der Horst}, A.~J. and {Vasileiou}, V. and {Vilchez}, N. and {Vitale}, V. and {von Kienlin}, A. and {Waite}, A.~P. and {Wang}, P. and {Wilson-Hodge}, C. and {Winer}, B.~L. and {Wood}, K.~S. and {Yamazaki}, R. and {Ylinen}, T. and {Ziegler}, M.},
        title = "{Fermi Observations of GRB 090902B: A Distinct Spectral Component in the Prompt and Delayed Emission}",
      journal = {\apjl},
     keywords = {gamma rays: bursts, Astrophysics - High Energy Astrophysical Phenomena},
         year = 2009,
        month = nov,
       volume = {706},
       number = {1},
        pages = {L138-L144},
          doi = {10.1088/0004-637X/706/1/L138},
archivePrefix = {arXiv},
       eprint = {0909.2470},
 primaryClass = {astro-ph.HE},
       adsurl = {https://ui.adsabs.harvard.edu/abs/2009ApJ...706L.138A},
      adsnote = {Provided by the SAO/NASA Astrophysics Data System}
}

@ARTICLE{2009Sci...323.1688A,
       author = {{Abdo}, A.~A. and {Ackermann}, M. and {Arimoto}, M. and {Asano}, K. and {Atwood}, W.~B. and {Axelsson}, M. and {Baldini}, L. and {Ballet}, J. and {Band}, D.~L. and {Barbiellini}, G. and {Baring}, M.~G. and {Bastieri}, D. and {Battelino}, M. and {Baughman}, B.~M. and {Bechtol}, K. and {Bellardi}, F. and {Bellazzini}, R. and {Berenji}, B. and {Bhat}, P.~N. and {Bissaldi}, E. and {Blandford}, R.~D. and {Bloom}, E.~D. and {Bogaert}, G. and {Bogart}, J.~R. and {Bonamente}, E. and {Bonnell}, J. and {Borgland}, A.~W. and {Bouvier}, A. and {Bregeon}, J. and {Brez}, A. and {Briggs}, M.~S. and {Brigida}, M. and {Bruel}, P. and {Burnett}, T.~H. and {Burrows}, D. and {Busetto}, G. and {Caliandro}, G.~A. and {Cameron}, R.~A. and {Caraveo}, P.~A. and {Casandjian}, J.~M. and {Ceccanti}, M. and {Cecchi}, C. and {Celotti}, A. and {Charles}, E. and {Chekhtman}, A. and {Cheung}, C.~C. and {Chiang}, J. and {Ciprini}, S. and {Claus}, R. and {Cohen-Tanugi}, J. and {Cominsky}, L.~R. and {Connaughton}, V. and {Conrad}, J. and {Costamante}, L. and {Cutini}, S. and {DeKlotz}, M. and {Dermer}, C.~D. and {de Angelis}, A. and {de Palma}, F. and {Digel}, S.~W. and {Dingus}, B.~L. and {do Couto e Silva}, E. and {Drell}, P.~S. and {Dubois}, R. and {Dumora}, D. and {Edmonds}, Y. and {Evans}, P.~A. and {Fabiani}, D. and {Farnier}, C. and {Favuzzi}, C. and {Finke}, J. and {Fishman}, G. and {Focke}, W.~B. and {Frailis}, M. and {Fukazawa}, Y. and {Funk}, S. and {Fusco}, P. and {Gargano}, F. and {Gasparrini}, D. and {Gehrels}, N. and {Germani}, S. and {Giebels}, B. and {Giglietto}, N. and {Giommi}, P. and {Giordano}, F. and {Glanzman}, T. and {Godfrey}, G. and {Goldstein}, A. and {Granot}, J. and {Greiner}, J. and {Grenier}, I.~A. and {Grondin}, M. -H. and {Grove}, J.~E. and {Guillemot}, L. and {Guiriec}, S. and {Haller}, G. and {Hanabata}, Y. and {Harding}, A.~K. and {Hayashida}, M. and {Hays}, E. and {Morata}, J.~A. Hernando and {Hoover}, A. and {Hughes}, R.~E. and {J{\'o}hannesson}, G. and {Johnson}, A.~S. and {Johnson}, R.~P. and {Johnson}, T.~J. and {Johnson}, W.~N. and {Kamae}, T. and {Katagiri}, H. and {Kataoka}, J. and {Kavelaars}, A. and {Kawai}, N. and {Kelly}, H. and {Kennea}, J. and {Kerr}, M. and {Kippen}, R.~M. and {Kn{\"o}dlseder}, J. and {Kocevski}, D. and {Kocian}, M.~L. and {Komin}, N. and {Kouveliotou}, C. and {Kuehn}, F. and {Kuss}, M. and {Lande}, J. and {Landriu}, D. and {Larsson}, S. and {Latronico}, L. and {Lavalley}, C. and {Lee}, B. and {Lee}, S. -H. and {Lemoine-Goumard}, M. and {Lichti}, G.~G. and {Longo}, F. and {Loparco}, F. and {Lott}, B. and {Lovellette}, M.~N. and {Lubrano}, P. and {Madejski}, G.~M. and {Makeev}, A. and {Marangelli}, B. and {Mazziotta}, M.~N. and {McBreen}, S. and {McEnery}, J.~E. and {McGlynn}, S. and {Meegan}, C. and {M{\'e}sz{\'a}ros}, P. and {Meurer}, C. and {Michelson}, P.~F. and {Minuti}, M. and {Mirizzi}, N. and {Mitthumsiri}, W. and {Mizuno}, T. and {Moiseev}, A.~A. and {Monte}, C. and {Monzani}, M.~E. and {Moretti}, E. and {Morselli}, A. and {Moskalenko}, I.~V. and {Murgia}, S. and {Nakamori}, T. and {Nelson}, D. and {Nolan}, P.~L. and {Norris}, J.~P. and {Nuss}, E. and {Ohno}, M. and {Ohsugi}, T. and {Okumura}, A. and {Omodei}, N. and {Orlando}, E. and {Ormes}, J.~F. and {Ozaki}, M. and {Paciesas}, W.~S. and {Paneque}, D. and {Panetta}, J.~H. and {Parent}, D. and {Pelassa}, V. and {Pepe}, M. and {Perri}, M. and {Pesce-Rollins}, M. and {Petrosian}, V. and {Pinchera}, M. and {Piron}, F. and {Porter}, T.~A. and {Preece}, R. and {Rain{\`o}}, S. and {Ramirez-Ruiz}, E. and {Rando}, R. and {Rapposelli}, E. and {Razzano}, M. and {Razzaque}, S. and {Rea}, N. and {Reimer}, A. and {Reimer}, O. and {Reposeur}, T. and {Reyes}, L.~C. and {Ritz}, S. and {Rochester}, L.~S. and {Rodriguez}, A.~Y. and {Roth}, M. and {Ryde}, F. and {Sadrozinski}, H.~F. -W. and {Sanchez}, D. and {Sander}, A. and {Parkinson}, P.~M. Saz and {Scargle}, J.~D. and {Schalk}, T.~L. and {Segal}, K.~N. and {Sgr{\`o}}, C. and {Shimokawabe}, T. and {Siskind}, E.~J. and {Smith}, D.~A. and {Smith}, P.~D. and {Spandre}, G. and {Spinelli}, P. and {Stamatikos}, M. and {Starck}, J. -L. and {Stecker}, F.~W. and {Steinle}, H. and {Stephens}, T.~E. and {Strickman}, M.~S. and {Suson}, D.~J. and {Tagliaferri}, G. and {Tajima}, H. and {Takahashi}, H. and {Takahashi}, T. and {Tanaka}, T. and {Tenze}, A. and {Thayer}, J.~B. and {Thayer}, J.~G. and {Thompson}, D.~J. and {Tibaldo}, L. and {Torres}, D.~F. and {Tosti}, G. and {Tramacere}, A. and {Turri}, M. and {Tuvi}, S. and {Usher}, T.~L. and {van der Horst}, A.~J. and {Vigiani}, L. and {Vilchez}, N. and {Vitale}, V. and {von Kienlin}, A. and {Waite}, A.~P. and {Williams}, D.~A. and {Wilson-Hodge}, C. and {Winer}, B.~L. and {Wood}, K.~S. and {Wu}, X.~F. and {Yamazaki}, R. and {Ylinen}, T. and {Ziegler}, M. and {Fermi LAT Collaboration} and {Fermi GBM Collaboration}},
        title = "{Fermi Observations of High-Energy Gamma-Ray Emission from GRB 080916C}",
      journal = {Science},
     keywords = {ASTRONOMY},
         year = 2009,
        month = mar,
       volume = {323},
       number = {5922},
        pages = {1688},
          doi = {10.1126/science.1169101},
       adsurl = {https://ui.adsabs.harvard.edu/abs/2009Sci...323.1688A},
      adsnote = {Provided by the SAO/NASA Astrophysics Data System}
}

@ARTICLE{2009Natur.462..331A,
       author = {{Abdo}, A.~A. and {Ackermann}, M. and {Ajello}, M. and {Asano}, K. and {Atwood}, W.~B. and {Axelsson}, M. and {Baldini}, L. and {Ballet}, J. and {Barbiellini}, G. and {Baring}, M.~G. and {Bastieri}, D. and {Bechtol}, K. and {Bellazzini}, R. and {Berenji}, B. and {Bhat}, P.~N. and {Bissaldi}, E. and {Bloom}, E.~D. and {Bonamente}, E. and {Bonnell}, J. and {Borgland}, A.~W. and {Bouvier}, A. and {Bregeon}, J. and {Brez}, A. and {Briggs}, M.~S. and {Brigida}, M. and {Bruel}, P. and {Burgess}, J.~M. and {Burnett}, T.~H. and {Caliandro}, G.~A. and {Cameron}, R.~A. and {Caraveo}, P.~A. and {Casandjian}, J.~M. and {Cecchi}, C. and {{\c{C}}elik}, {\"O}. and {Chaplin}, V. and {Charles}, E. and {Cheung}, C.~C. and {Chiang}, J. and {Ciprini}, S. and {Claus}, R. and {Cohen-Tanugi}, J. and {Cominsky}, L.~R. and {Connaughton}, V. and {Conrad}, J. and {Cutini}, S. and {Dermer}, C.~D. and {de Angelis}, A. and {de Palma}, F. and {Digel}, S.~W. and {Dingus}, B.~L. and {Do Couto E Silva}, E. and {Drell}, P.~S. and {Dubois}, R. and {Dumora}, D. and {Farnier}, C. and {Favuzzi}, C. and {Fegan}, S.~J. and {Finke}, J. and {Fishman}, G. and {Focke}, W.~B. and {Foschini}, L. and {Fukazawa}, Y. and {Funk}, S. and {Fusco}, P. and {Gargano}, F. and {Gasparrini}, D. and {Gehrels}, N. and {Germani}, S. and {Gibby}, L. and {Giebels}, B. and {Giglietto}, N. and {Giordano}, F. and {Glanzman}, T. and {Godfrey}, G. and {Granot}, J. and {Greiner}, J. and {Grenier}, I.~A. and {Grondin}, M. -H. and {Grove}, J.~E. and {Grupe}, D. and {Guillemot}, L. and {Guiriec}, S. and {Hanabata}, Y. and {Harding}, A.~K. and {Hayashida}, M. and {Hays}, E. and {Hoversten}, E.~A. and {Hughes}, R.~E. and {J{\'o}hannesson}, G. and {Johnson}, A.~S. and {Johnson}, R.~P. and {Johnson}, W.~N. and {Kamae}, T. and {Katagiri}, H. and {Kataoka}, J. and {Kawai}, N. and {Kerr}, M. and {Kippen}, R.~M. and {Kn{\"o}dlseder}, J. and {Kocevski}, D. and {Kouveliotou}, C. and {Kuehn}, F. and {Kuss}, M. and {Lande}, J. and {Latronico}, L. and {Lemoine-Goumard}, M. and {Longo}, F. and {Loparco}, F. and {Lott}, B. and {Lovellette}, M.~N. and {Lubrano}, P. and {Madejski}, G.~M. and {Makeev}, A. and {Mazziotta}, M.~N. and {McBreen}, S. and {McEnery}, J.~E. and {McGlynn}, S. and {M{\'e}sz{\'a}ros}, P. and {Meurer}, C. and {Michelson}, P.~F. and {Mitthumsiri}, W. and {Mizuno}, T. and {Moiseev}, A.~A. and {Monte}, C. and {Monzani}, M.~E. and {Moretti}, E. and {Morselli}, A. and {Moskalenko}, I.~V. and {Murgia}, S. and {Nakamori}, T. and {Nolan}, P.~L. and {Norris}, J.~P. and {Nuss}, E. and {Ohno}, M. and {Ohsugi}, T. and {Omodei}, N. and {Orlando}, E. and {Ormes}, J.~F. and {Ozaki}, M. and {Paciesas}, W.~S. and {Paneque}, D. and {Panetta}, J.~H. and {Parent}, D. and {Pelassa}, V. and {Pepe}, M. and {Pesce-Rollins}, M. and {Petrosian}, V. and {Piron}, F. and {Porter}, T.~A. and {Preece}, R. and {Rain{\`o}}, S. and {Ramirez-Ruiz}, E. and {Rando}, R. and {Razzano}, M. and {Razzaque}, S. and {Reimer}, A. and {Reimer}, O. and {Reposeur}, T. and {Ritz}, S. and {Rochester}, L.~S. and {Rodriguez}, A.~Y. and {Roth}, M. and {Ryde}, F. and {Sadrozinski}, H.~F. -W. and {Sanchez}, D. and {Sander}, A. and {Saz Parkinson}, P.~M. and {Scargle}, J.~D. and {Schalk}, T.~L. and {Sgr{\`o}}, C. and {Siskind}, E.~J. and {Smith}, D.~A. and {Smith}, P.~D. and {Spandre}, G. and {Spinelli}, P. and {Stamatikos}, M. and {Stecker}, F.~W. and {Strickman}, M.~S. and {Suson}, D.~J. and {Tajima}, H. and {Takahashi}, H. and {Takahashi}, T. and {Tanaka}, T. and {Thayer}, J.~B. and {Thayer}, J.~G. and {Thompson}, D.~J. and {Tibaldo}, L. and {Toma}, K. and {Torres}, D.~F. and {Tosti}, G. and {Troja}, E. and {Uchiyama}, Y. and {Uehara}, T. and {Usher}, T.~L. and {van der Horst}, A.~J. and {Vasileiou}, V. and {Vilchez}, N. and {Vitale}, V. and {von Kienlin}, A. and {Waite}, A.~P. and {Wang}, P. and {Wilson-Hodge}, C. and {Winer}, B.~L. and {Wood}, K.~S. and {Wu}, X.~F. and {Yamazaki}, R. and {Ylinen}, T. and {Ziegler}, M. and {Fermi LAT Collaboration}},
        title = "{A limit on the variation of the speed of light arising from quantum gravity effects}",
      journal = {\nat},
     keywords = {Astrophysics - High Energy Astrophysical Phenomena},
         year = 2009,
        month = nov,
       volume = {462},
       number = {7271},
        pages = {331-334},
          doi = {10.1038/nature08574},
archivePrefix = {arXiv},
       eprint = {0908.1832},
 primaryClass = {astro-ph.HE},
       adsurl = {https://ui.adsabs.harvard.edu/abs/2009Natur.462..331A},
      adsnote = {Provided by the SAO/NASA Astrophysics Data System}
}


@ARTICLE{2009ApJ...707..580A,
       author = {{Abdo}, A.~A. and {Ackermann}, M. and {Asano}, K. and {Atwood}, W.~B. and {Axelsson}, M. and {Baldini}, L. and {Ballet}, J. and {Band}, D.~L. and {Barbiellini}, G. and {Bastieri}, D. and {Bechtol}, K. and {Bellazzini}, R. and {Berenji}, B. and {Bhat}, P.~N. and {Bissaldi}, E. and {Bloom}, E.~D. and {Bonamente}, E. and {Borgland}, A.~W. and {Bouvier}, A. and {Bregeon}, J. and {Brez}, A. and {Briggs}, M.~S. and {Brigida}, M. and {Bruel}, P. and {Burnett}, T.~H. and {Caliandro}, G.~A. and {Cameron}, R.~A. and {Caraveo}, P.~A. and {Casandjian}, J.~M. and {Cecchi}, C. and {Chaplin}, V. and {Chekhtman}, A. and {Cheung}, C.~C. and {Chiang}, J. and {Ciprini}, S. and {Claus}, R. and {Cohen-Tanugi}, J. and {Cominsky}, L.~R. and {Connaughton}, V. and {Conrad}, J. and {Cutini}, S. and {Dermer}, C.~D. and {de Angelis}, A. and {de Palma}, F. and {Digel}, S.~W. and {Silva}, E. do Couto e. and {Drell}, P.~S. and {Dubois}, R. and {Dumora}, D. and {Farnier}, C. and {Favuzzi}, C. and {Focke}, W.~B. and {Frailis}, M. and {Fukazawa}, Y. and {Fusco}, P. and {Gargano}, F. and {Gasparrini}, D. and {Gehrels}, N. and {Germani}, S. and {Gibby}, L. and {Giebels}, B. and {Giglietto}, N. and {Giordano}, F. and {Glanzman}, T. and {Godfrey}, G. and {Goldstein}, A. and {Granot}, J. and {Grenier}, I.~A. and {Grondin}, M. -H. and {Grove}, J.~E. and {Guillemot}, L. and {Guiriec}, S. and {Hanabata}, Y. and {Harding}, A.~K. and {Hayashida}, M. and {Hays}, E. and {Hughes}, R.~E. and {J{\'o}hannesson}, G. and {Johnson}, A.~S. and {Johnson}, W.~N. and {Kamae}, T. and {Katagiri}, H. and {Kataoka}, J. and {Kawai}, N. and {Kerr}, M. and {Kn{\"o}dlseder}, J. and {Kocevski}, D. and {Komin}, N. and {Kouveliotou}, C. and {Kuehn}, F. and {Kuss}, M. and {Latronico}, L. and {Longo}, F. and {Loparco}, F. and {Lott}, B. and {Lovellette}, M.~N. and {Lubrano}, P. and {Makeev}, A. and {Mazziotta}, M.~N. and {McBreen}, S. and {McEnery}, J.~E. and {McGlynn}, S. and {Meegan}, C. and {Meurer}, C. and {Michelson}, P.~F. and {Mitthumsiri}, W. and {Mizuno}, T. and {Monte}, C. and {Monzani}, M.~E. and {Moretti}, E. and {Morselli}, A. and {Moskalenko}, I.~V. and {Murgia}, S. and {Nakamori}, T. and {Nolan}, P.~L. and {Norris}, J.~P. and {Nuss}, E. and {Ohno}, M. and {Ohsugi}, T. and {Omodei}, N. and {Orlando}, E. and {Ormes}, J.~F. and {Ozaki}, M. and {Paciesas}, W.~S. and {Paneque}, D. and {Panetta}, J.~H. and {Parent}, D. and {Pelassa}, V. and {Pepe}, M. and {Pesce-Rollins}, M. and {Piron}, F. and {Porter}, T.~A. and {Preece}, R. and {Rain{\`o}}, S. and {Rando}, R. and {Razzano}, M. and {Razzaque}, S. and {Reimer}, O. and {Reposeur}, T. and {Ritz}, S. and {Rochester}, L.~S. and {Rodriguez}, A.~Y. and {Roth}, M. and {Ryde}, F. and {Sadrozinski}, H.~F. -W. and {Sanchez}, D. and {Sander}, A. and {Saz Parkinson}, P.~M. and {Scargle}, J.~D. and {Sgr{\`o}}, C. and {Siskind}, E.~J. and {Smith}, D.~A. and {Smith}, P.~D. and {Spandre}, G. and {Spinelli}, P. and {Stamatikos}, M. and {Strickman}, M.~S. and {Suson}, D.~J. and {Tajima}, H. and {Takahashi}, H. and {Tanaka}, T. and {Thayer}, J.~B. and {Thayer}, J.~G. and {Tibaldo}, L. and {Torres}, D.~F. and {Tosti}, G. and {Tramacere}, A. and {Uchiyama}, Y. and {Usher}, T.~L. and {van der Horst}, A.~J. and {Vasileiou}, V. and {Vilchez}, N. and {Vitale}, V. and {von Kienlin}, A. and {Waite}, A.~P. and {Wang}, P. and {Wilson-Hodge}, C. and {Winer}, B.~L. and {Wood}, K.~S. and {Ylinen}, T. and {Ziegler}, M.},
        title = "{Fermi Observations of High-energy Gamma-ray Emission from GRB 080825C}",
      journal = {\apj},
     keywords = {gamma rays: bursts, Astrophysics - High Energy Astrophysical Phenomena},
         year = 2009,
        month = dec,
       volume = {707},
       number = {1},
        pages = {580-592},
     abstract = "{The Fermi Gamma-ray Space Telescope has opened a new high-energy window
        in the study of gamma-ray bursts (GRBs). Here we present a
        thorough analysis of GRB 080825C, which triggered the Fermi
        Gamma-ray Burst Monitor (GBM), and was the first firm detection
        of a GRB by the Fermi Large Area Telescope (LAT). We discuss the
        LAT event selections, background estimation, significance
        calculations, and localization for Fermi GRBs in general and GRB
        080825C in particular. We show the results of temporal and time-
        resolved spectral analysis of the GBM and LAT data. We also
        present some theoretical interpretation of GRB 080825C
        observations as well as some common features observed in other
        LAT GRBs.}",
          doi = {10.1088/0004-637X/707/1/580},
archivePrefix = {arXiv},
       eprint = {0910.4192},
 primaryClass = {astro-ph.HE},
       adsurl = {https://ui.adsabs.harvard.edu/abs/2009ApJ...707..580A},
      adsnote = {Provided by the SAO/NASA Astrophysics Data System}
}

@ARTICLE{2010ApJ...712..558A,
       author = {{Abdo}, A.~A. and {Ackermann}, M. and {Ajello}, M. and {Asano}, K. and {Atwood}, W.~B. and {Axelsson}, M. and {Baldini}, L. and {Ballet}, J. and {Barbiellini}, G. and {Bastieri}, D. and {Baughman}, B.~M. and {Bechtol}, K. and {Bellazzini}, R. and {Berenji}, B. and {Bhat}, P.~N. and {Bissaldi}, E. and {Blandford}, R.~D. and {Bloom}, E.~D. and {Bonamente}, E. and {Borgland}, A.~W. and {Bouvier}, A. and {Bregeon}, J. and {Brez}, A. and {Briggs}, M.~S. and {Brigida}, M. and {Bruel}, P. and {Burgess}, J.~M. and {Burnett}, T.~H. and {Buson}, S. and {Caliandro}, G.~A. and {Cameron}, R.~A. and {Caraveo}, P.~A. and {Carrigan}, S. and {Casandjian}, J.~M. and {Cecchi}, C. and {{\c{C}}elik}, {\"O}. and {Chaplin}, V. and {Charles}, E. and {Chekhtman}, A. and {Chiang}, J. and {Ciprini}, S. and {Claus}, R. and {Cohen-Tanugi}, J. and {Cominsky}, L.~R. and {Connaughton}, V. and {Conrad}, J. and {Cutini}, S. and {Dermer}, C.~D. and {de Angelis}, A. and {de Palma}, F. and {Digel}, S.~W. and {Silva}, E. do Couto e. and {Drell}, P.~S. and {Dubois}, R. and {Dumora}, D. and {Farnier}, C. and {Favuzzi}, C. and {Fegan}, S.~J. and {Fishman}, G. and {Focke}, W.~B. and {Fortin}, P. and {Frailis}, M. and {Fukazawa}, Y. and {Funk}, S. and {Fusco}, P. and {Gargano}, F. and {Gasparrini}, D. and {Gehrels}, N. and {Germani}, S. and {Giebels}, B. and {Giglietto}, N. and {Giommi}, P. and {Giordano}, F. and {Glanzman}, T. and {Godfrey}, G. and {Granot}, J. and {Grenier}, I.~A. and {Grondin}, M. -H. and {Grove}, J.~E. and {Guillemot}, L. and {Guiriec}, S. and {Hanabata}, Y. and {Harding}, A.~K. and {Hayashida}, M. and {Haynes}, R.~H. and {Hays}, E. and {Horan}, D. and {Hughes}, R.~E. and {Jackson}, M.~S. and {J{\'o}hannesson}, G. and {Johnson}, A.~S. and {Johnson}, W.~N. and {Kamae}, T. and {Katagiri}, H. and {Kataoka}, J. and {Kawai}, N. and {Kerr}, M. and {Kippen}, R.~M. and {Kn{\"o}dlseder}, J. and {Kocevski}, D. and {Kocian}, M.~L. and {Komin}, N. and {Kouveliotou}, C. and {Kuehn}, F. and {Kuss}, M. and {Lande}, J. and {Latronico}, L. and {Lemoine-Goumard}, M. and {Longo}, F. and {Loparco}, F. and {Lott}, B. and {Lovellette}, M.~N. and {Lubrano}, P. and {Madejski}, G.~M. and {Makeev}, A. and {Mazziotta}, M.~N. and {McBreen}, S. and {McEnery}, J.~E. and {McGlynn}, S. and {Meegan}, C. and {M{\'e}sz{\'a}ros}, P. and {Meurer}, C. and {Michelson}, P.~F. and {Mitthumsiri}, W. and {Mizuno}, T. and {Moiseev}, A.~A. and {Monte}, C. and {Monzani}, M.~E. and {Moretti}, E. and {Morselli}, A. and {Moskalenko}, I.~V. and {Murgia}, S. and {Nakamori}, T. and {Nolan}, P.~L. and {Norris}, J.~P. and {Nuss}, E. and {Ohno}, M. and {Ohsugi}, T. and {Omodei}, N. and {Orlando}, E. and {Ormes}, J.~F. and {Paciesas}, W.~S. and {Paneque}, D. and {Panetta}, J.~H. and {Parent}, D. and {Pelassa}, V. and {Pepe}, M. and {Pesce-Rollins}, M. and {Piron}, F. and {Porter}, T.~A. and {Preece}, R. and {Rain{\`o}}, S. and {Rando}, R. and {Razzano}, M. and {Razzaque}, S. and {Reimer}, A. and {Reimer}, O. and {Reposeur}, T. and {Ripken}, J. and {Ritz}, S. and {Rochester}, L.~S. and {Rodriguez}, A.~Y. and {Roth}, M. and {Ryde}, F. and {Sadrozinski}, H.~F. -W. and {Sanchez}, D. and {Sander}, A. and {Saz Parkinson}, P.~M. and {Scargle}, J.~D. and {Schalk}, T.~L. and {Sgr{\`o}}, C. and {Siskind}, E.~J. and {Smith}, D.~A. and {Smith}, P.~D. and {Spandre}, G. and {Spinelli}, P. and {Stamatikos}, M. and {Strickman}, M.~S. and {Suson}, D.~J. and {Tagliaferri}, G. and {Tajima}, H. and {Takahashi}, H. and {Tanaka}, T. and {Thayer}, J.~B. and {Thayer}, J.~G. and {Thompson}, D.~J. and {Tibaldo}, L. and {Toma}, K. and {Torres}, D.~F. and {Tosti}, G. and {Tramacere}, A. and {Troja}, E. and {Uchiyama}, Y. and {Usher}, T.~L. and {van der Horst}, A.~J. and {Vasileiou}, V. and {Vilchez}, N. and {Vitale}, V. and {von Kienlin}, A. and {Waite}, A.~P. and {Wang}, P. and {Wilson-Hodge}, C. and {Winer}, B.~L. and {Wood}, K.~S. and {Wu}, X.~F. and {Yamazaki}, R. and {Ylinen}, T. and {Ziegler}, M.},
        title = "{Fermi Detection of Delayed GeV Emission from the Short Gamma-Ray Burst 081024B}",
      journal = {\apj},
     keywords = {gamma-ray burst: general, gamma-ray burst: individual: GRB 081024B, Astrophysics - High Energy Astrophysical Phenomena},
         year = 2010,
        month = mar,
       volume = {712},
       number = {1},
        pages = {558-564},
          doi = {10.1088/0004-637X/712/1/558},
archivePrefix = {arXiv},
       eprint = {1002.3205},
 primaryClass = {astro-ph.HE},
       adsurl = {https://ui.adsabs.harvard.edu/abs/2010ApJ...712..558A},
      adsnote = {Provided by the SAO/NASA Astrophysics Data System}
}

@ARTICLE{2010ApJ...716.1178A,
       author = {{Ackermann}, M. and {Asano}, K. and {Atwood}, W.~B. and {Axelsson}, M. and {Baldini}, L. and {Ballet}, J. and {Barbiellini}, G. and {Baring}, M.~G. and {Bastieri}, D. and {Bechtol}, K. and {Bellazzini}, R. and {Berenji}, B. and {Bhat}, P.~N. and {Bissaldi}, E. and {Blandford}, R.~D. and {Bloom}, E.~D. and {Bonamente}, E. and {Borgland}, A.~W. and {Bouvier}, A. and {Bregeon}, J. and {Brez}, A. and {Briggs}, M.~S. and {Brigida}, M. and {Bruel}, P. and {Buson}, S. and {Caliandro}, G.~A. and {Cameron}, R.~A. and {Caraveo}, P.~A. and {Carrigan}, S. and {Casandjian}, J.~M. and {Cecchi}, C. and {{\c{C}}elik}, {\"O}. and {Charles}, E. and {Chiang}, J. and {Ciprini}, S. and {Claus}, R. and {Cohen-Tanugi}, J. and {Connaughton}, V. and {Conrad}, J. and {Dermer}, C.~D. and {de Palma}, F. and {Dingus}, B.~L. and {Silva}, E. do Couto e. and {Drell}, P.~S. and {Dubois}, R. and {Dumora}, D. and {Farnier}, C. and {Favuzzi}, C. and {Fegan}, S.~J. and {Finke}, J. and {Focke}, W.~B. and {Frailis}, M. and {Fukazawa}, Y. and {Fusco}, P. and {Gargano}, F. and {Gasparrini}, D. and {Gehrels}, N. and {Germani}, S. and {Giglietto}, N. and {Giordano}, F. and {Glanzman}, T. and {Godfrey}, G. and {Granot}, J. and {Grenier}, I.~A. and {Grondin}, M. -H. and {Grove}, J.~E. and {Guiriec}, S. and {Hadasch}, D. and {Harding}, A.~K. and {Hays}, E. and {Horan}, D. and {Hughes}, R.~E. and {J{\'o}hannesson}, G. and {Johnson}, W.~N. and {Kamae}, T. and {Katagiri}, H. and {Kataoka}, J. and {Kawai}, N. and {Kippen}, R.~M. and {Kn{\"o}dlseder}, J. and {Kocevski}, D. and {Kouveliotou}, C. and {Kuss}, M. and {Lande}, J. and {Latronico}, L. and {Lemoine-Goumard}, M. and {Llena Garde}, M. and {Longo}, F. and {Loparco}, F. and {Lott}, B. and {Lovellette}, M.~N. and {Lubrano}, P. and {Makeev}, A. and {Mazziotta}, M.~N. and {McEnery}, J.~E. and {McGlynn}, S. and {Meegan}, C. and {M{\'e}sz{\'a}ros}, P. and {Michelson}, P.~F. and {Mitthumsiri}, W. and {Mizuno}, T. and {Moiseev}, A.~A. and {Monte}, C. and {Monzani}, M.~E. and {Moretti}, E. and {Morselli}, A. and {Moskalenko}, I.~V. and {Murgia}, S. and {Nakajima}, H. and {Nakamori}, T. and {Nolan}, P.~L. and {Norris}, J.~P. and {Nuss}, E. and {Ohno}, M. and {Ohsugi}, T. and {Omodei}, N. and {Orlando}, E. and {Ormes}, J.~F. and {Ozaki}, M. and {Paciesas}, W.~S. and {Paneque}, D. and {Panetta}, J.~H. and {Parent}, D. and {Pelassa}, V. and {Pepe}, M. and {Pesce-Rollins}, M. and {Piron}, F. and {Preece}, R. and {Rain{\`o}}, S. and {Rando}, R. and {Razzano}, M. and {Razzaque}, S. and {Reimer}, A. and {Ritz}, S. and {Rodriguez}, A.~Y. and {Roth}, M. and {Ryde}, F. and {Sadrozinski}, H.~F. -W. and {Sander}, A. and {Scargle}, J.~D. and {Schalk}, T.~L. and {Sgr{\`o}}, C. and {Siskind}, E.~J. and {Smith}, P.~D. and {Spandre}, G. and {Spinelli}, P. and {Stamatikos}, M. and {Stecker}, F.~W. and {Strickman}, M.~S. and {Suson}, D.~J. and {Tajima}, H. and {Takahashi}, H. and {Takahashi}, T. and {Tanaka}, T. and {Thayer}, J.~B. and {Thayer}, J.~G. and {Thompson}, D.~J. and {Tibaldo}, L. and {Toma}, K. and {Torres}, D.~F. and {Tosti}, G. and {Tramacere}, A. and {Uchiyama}, Y. and {Uehara}, T. and {Usher}, T.~L. and {van der Horst}, A.~J. and {Vasileiou}, V. and {Vilchez}, N. and {Vitale}, V. and {von Kienlin}, A. and {Waite}, A.~P. and {Wang}, P. and {Wilson-Hodge}, C. and {Winer}, B.~L. and {Wu}, X.~F. and {Yamazaki}, R. and {Yang}, Z. and {Ylinen}, T. and {Ziegler}, M.},
        title = "{Fermi Observations of GRB 090510: A Short-Hard Gamma-ray Burst with an Additional, Hard Power-law Component from 10 keV TO GeV Energies}",
      journal = {\apj},
     keywords = {gamma-ray burst: individual: GRB 090510, radiation mechanisms: non-thermal, Astrophysics - High Energy Astrophysical Phenomena},
         year = 2010,
        month = jun,
       volume = {716},
       number = {2},
        pages = {1178-1190},
          doi = {10.1088/0004-637X/716/2/1178},
archivePrefix = {arXiv},
       eprint = {1005.2141},
 primaryClass = {astro-ph.HE},
       adsurl = {https://ui.adsabs.harvard.edu/abs/2010ApJ...716.1178A},
      adsnote = {Provided by the SAO/NASA Astrophysics Data System}
}






@ARTICLE{2011MNRAS.415.1663T,
       author = {{Toma}, K. and {Wu}, X. -F. and {M{\'e}sz{\'a}ros}, P.},
        title = "{Photosphere-internal shock model of gamma-ray bursts: case studies of Fermi/LAT bursts}",
      journal = {\mnras},
     keywords = {radiation mechanisms: non-thermal, gamma-ray burst: general, Astrophysics - High Energy Astrophysical Phenomena, Astrophysics - Cosmology and Nongalactic Astrophysics},
         year = 2011,
        month = aug,
       volume = {415},
       number = {2},
        pages = {1663-1680},
          doi = {10.1111/j.1365-2966.2011.18807.x},
archivePrefix = {arXiv},
       eprint = {1002.2634},
 primaryClass = {astro-ph.HE},
       adsurl = {https://ui.adsabs.harvard.edu/abs/2011MNRAS.415.1663T},
      adsnote = {Provided by the SAO/NASA Astrophysics Data System}
}



@ARTICLE{2018IJMPD..2742003N,
       author = {{Nava}, Lara},
        title = "{High-energy emission from gamma-ray bursts}",
      journal = {International Journal of Modern Physics D},
     keywords = {Gamma-ray burst, nonthermal radiation, high-energy emission, 95.85.Pw, 98.70.Rz, gamma-ray, gamma-ray sources, gamma-ray bursts, Astrophysics - High Energy Astrophysical Phenomena},
         year = 2018,
        month = jan,
       volume = {27},
       number = {13},
          eid = {1842003},
        pages = {1842003},
          doi = {10.1142/S0218271818420038},
archivePrefix = {arXiv},
       eprint = {1804.01524},
 primaryClass = {astro-ph.HE},
       adsurl = {https://ui.adsabs.harvard.edu/abs/2018IJMPD..2742003N},
      adsnote = {Provided by the SAO/NASA Astrophysics Data System}
}




@ARTICLE{2006ApJ...653..454P,
       author = {{Pe'er}, Asaf and {Zhang}, Bing},
        title = "{Synchrotron Emission in Small-Scale Magnetic Fields as a Possible Explanation for Prompt Emission Spectra of Gamma-Ray Bursts}",
      journal = {\apj},
     keywords = {Gamma Rays: Bursts, Gamma Rays: Theory, Magnetic Fields, Plasmas, Radiation Mechanisms: Nonthermal, Astrophysics},
         year = 2006,
        month = dec,
       volume = {653},
       number = {1},
        pages = {454-461},
          doi = {10.1086/508681},
archivePrefix = {arXiv},
       eprint = {astro-ph/0605641},
 primaryClass = {astro-ph},
       adsurl = {https://ui.adsabs.harvard.edu/abs/2006ApJ...653..454P},
      adsnote = {Provided by the SAO/NASA Astrophysics Data System}
}





@ARTICLE{2018AJ....156...82C,
       author = {{Cloutier}, Ryan and {Doyon}, Ren{\'e} and {Bouchy}, Francois and
         {H{\'e}brard}, Guillaume},
        title = "{Quantifying the Observational Effort Required for the Radial Velocity Characterization of TESS Planets}",
      journal = {\aj},
     keywords = {methods: analytical, planets and satellites: detection, planets and satellites: fundamental parameters, techniques: radial velocities, Astrophysics - Earth and Planetary Astrophysics},
         year = "2018",
        month = "Aug",
       volume = {156},
       number = {2},
          eid = {82},
        pages = {82},
          doi = {10.3847/1538-3881/aacea9},
archivePrefix = {arXiv},
       eprint = {1807.01263},
 primaryClass = {astro-ph.EP},
       adsurl = {https://ui.adsabs.harvard.edu/abs/2018AJ....156...82C},
      adsnote = {Provided by the SAO/NASA Astrophysics Data System}
}

@ARTICLE{2015ApJ...805...23C,
       author = {{Corrales}, Lia},
        title = "{X-Ray Scattering Echoes and Ghost Halos from the Intergalactic Medium: Relation to the Nature of AGN Variability}",
      journal = {\apj},
     keywords = {accretion, accretion disks, dust, extinction, quasars: general, intergalactic medium, X-rays: ISM, Astrophysics - High Energy Astrophysical Phenomena, Astrophysics - Astrophysics of Galaxies},
         year = "2015",
        month = "May",
       volume = {805},
       number = {1},
          eid = {23},
        pages = {23},
          doi = {10.1088/0004-637X/805/1/23},
archivePrefix = {arXiv},
       eprint = {1503.01475},
 primaryClass = {astro-ph.HE},
       adsurl = {https://ui.adsabs.harvard.edu/abs/2015ApJ...805...23C},
      adsnote = {Provided by the SAO/NASA Astrophysics Data System}
}

@ARTICLE{2013RMxAA..49..137F,
       author = {{Ferland}, G.~J. and {Porter}, R.~L. and {van Hoof}, P.~A.~M. and
         {Williams}, R.~J.~R. and {Abel}, N.~P. and {Lykins}, M.~L. and
         {Shaw}, G. and {Henney}, W.~J. and {Stancil}, P.~C.},
        title = "{The 2013 Release of Cloudy}",
      journal = {\rmxaa},
     keywords = {atomic processes, galaxies: active, methods: numerical, molecular processes, radiation mechanisms: general, Astrophysics - Galaxy Astrophysics, Astrophysics - Cosmology and Extragalactic Astrophysics, Astrophysics - Instrumentation and Methods for Astrophysics},
         year = "2013",
        month = "Apr",
       volume = {49},
        pages = {137-163},
archivePrefix = {arXiv},
       eprint = {1302.4485},
 primaryClass = {astro-ph.GA},
       adsurl = {https://ui.adsabs.harvard.edu/abs/2013RMxAA..49..137F},
      adsnote = {Provided by the SAO/NASA Astrophysics Data System}
}

@INPROCEEDINGS{1989BAAS...21..780H,
       author = {{Hanisch}, R.~J. and {Biemesderfer}, C.~D.},
        title = "{T$_{E}$X and LAT$_{E}$X Macro Definition Files for Astronomical Publications}",
    booktitle = {\baas},
         year = "1989",
        month = "Mar",
        pages = {780},
       adsurl = {https://ui.adsabs.harvard.edu/abs/1989BAAS...21..780H},
      adsnote = {Provided by the SAO/NASA Astrophysics Data System}
}

@BOOK{lamport94,
       author = {{Lamport}, L.},
        title = "{LaTeX: A Document Preparation System}",
    publisher = {Addison-Wesley Professional},
	 year = "1994",
      edition = {2},
	 isbn = {0201529831}
}

@ARTICLE{2018ApJ...868L..33L,
       author = {{Li}, Leping and {Zhang}, Jun and {Peter}, Hardi and
         {Chitta}, Lakshmi Pradeep and {Su}, Jiangtao and {Song}, Hongqiang and
         {Xia}, Chun and {Hou}, Yijun},
        title = "{Quasi-periodic Fast Propagating Magnetoacoustic Waves during the Magnetic Reconnection Between Solar Coronal Loops}",
      journal = {\apj},
     keywords = {magnetic reconnection, plasmas, Sun: corona, Sun: UV radiation, waves, Astrophysics - Solar and Stellar Astrophysics},
         year = "2018",
        month = "Dec",
       volume = {868},
       number = {2},
          eid = {L33},
        pages = {L33},
          doi = {10.3847/2041-8213/aaf167},
archivePrefix = {arXiv},
       eprint = {1811.08553},
 primaryClass = {astro-ph.SR},
       adsurl = {https://ui.adsabs.harvard.edu/abs/2018ApJ...868L..33L},
      adsnote = {Provided by the SAO/NASA Astrophysics Data System}
}

@ARTICLE{2016AJ....152...41P,
       author = {{Pr{\v{s}}a}, Andrej and {Harmanec}, Petr and {Torres}, Guillermo and
         {Mamajek}, Eric and {Asplund}, Martin and {Capitaine}, Nicole and
         {Christensen-Dalsgaard}, J{\o}rgen and {Depagne}, {\'E}ric and
         {Haberreiter}, Margit and {Hekker}, Saskia},
        title = "{Nominal Values for Selected Solar and Planetary Quantities: IAU 2015 Resolution B3}",
      journal = {\aj},
     keywords = {planets and satellites: fundamental parameters, standards, stars: fundamental parameters, stars: general, Sun: fundamental parameters, Astrophysics - Solar and Stellar Astrophysics, Astrophysics - Earth and Planetary Astrophysics, Astrophysics - Instrumentation and Methods for Astrophysics},
         year = "2016",
        month = "Aug",
       volume = {152},
       number = {2},
          eid = {41},
        pages = {41},
          doi = {10.3847/0004-6256/152/2/41},
archivePrefix = {arXiv},
       eprint = {1605.09788},
 primaryClass = {astro-ph.SR},
       adsurl = {https://ui.adsabs.harvard.edu/abs/2016AJ....152...41P},
      adsnote = {Provided by the SAO/NASA Astrophysics Data System}
}

@ARTICLE{2011ApJS..197...31S,
       author = {{Schwarz}, Greg J. and {Ness}, Jan-Uwe and {Osborne}, J.~P. and
         {Page}, K.~L. and {Evans}, P.~A. and {Beardmore}, A.~P. and
         {Walter}, Frederick M. and {Helton}, L. Andrew and
         {Woodward}, Charles E. and {Bode}, Mike and {Starrfield}, Sumner and
         {Drake}, Jeremy J.},
        title = "{Swift X-Ray Observations of Classical Novae. II. The Super Soft Source Sample}",
      journal = {\apjs},
     keywords = {novae, cataclysmic variables, ultraviolet: stars, X-rays: stars, Astrophysics - Solar and Stellar Astrophysics, Astrophysics - High Energy Astrophysical Phenomena},
         year = "2011",
        month = "Dec",
       volume = {197},
       number = {2},
          eid = {31},
        pages = {31},
          doi = {10.1088/0067-0049/197/2/31},
archivePrefix = {arXiv},
       eprint = {1110.6224},
 primaryClass = {astro-ph.SR},
       adsurl = {https://ui.adsabs.harvard.edu/abs/2011ApJS..197...31S},
      adsnote = {Provided by the SAO/NASA Astrophysics Data System}
}

@ARTICLE{2014ApJ...793..127V,
       author = {{Vogt}, Fr{\'e}d{\'e}ric P.~A. and {Dopita}, Michael A. and
         {Kewley}, Lisa J. and {Sutherland}, Ralph S. and
         {Scharw{\"a}chter}, Julia and {Basurah}, Hassan M. and {Ali}, Alaa and
         {Amer}, Morsi A.},
        title = "{Galaxy Emission Line Classification Using Three-dimensional Line Ratio Diagrams}",
      journal = {\apj},
     keywords = {galaxies: abundances, galaxies: general, galaxies: Seyfert, galaxies: starburst, H II regions, ISM: lines and bands, Astrophysics - Astrophysics of Galaxies},
         year = "2014",
        month = "Oct",
       volume = {793},
       number = {2},
          eid = {127},
        pages = {127},
          doi = {10.1088/0004-637X/793/2/127},
archivePrefix = {arXiv},
       eprint = {1406.5186},
 primaryClass = {astro-ph.GA},
       adsurl = {https://ui.adsabs.harvard.edu/abs/2014ApJ...793..127V},
      adsnote = {Provided by the SAO/NASA Astrophysics Data System}
}



@ARTICLE{2024GCN.37638....1M,
       author = {{Maiorano}, E. and {Rossi}, A. and {Palazzi}, E. and {Paris}, D. and {Malesani}, D.~B. and {De Pasquale}, M. and {CIBO Collaboration}},
        title = "{GRB 240825A: LBT optical observations}",
      journal = {GRB Coordinates Network},
         year = 2024,
        month = sep,
       volume = {37638},
        pages = {1},
       adsurl = {https://ui.adsabs.harvard.edu/abs/2024GCN.37638....1M},
      adsnote = {Provided by the SAO/NASA Astrophysics Data System}
}

@ARTICLE{2024GCN.37537....1P,
       author = {{Pawar}, Devraj},
        title = "{GRB 240825A: Integral SPI Acs Light Curve}",
      journal = {GRB Coordinates Network},
         year = 2024,
        month = sep,
       volume = {37537},
        pages = {1},
       adsurl = {https://ui.adsabs.harvard.edu/abs/2024GCN.37537....1P},
      adsnote = {Provided by the SAO/NASA Astrophysics Data System}
}

@ARTICLE{2024GCN.37536....1R,
       author = {{Ruffini}, R. and {Bianco}, C.~L. and {Della Valle}, M. and {Li}, Liang and {Mirtorabi}, M.~T. and {Moradi}, R. and {Rastegar Nia}, F. and {Rueda}, J.~A. and {Wang}, Y. and {Icranet Team}},
        title = "{GRB 240825A: The nature of the afterglow motivates the search of the associated supernova}",
      journal = {GRB Coordinates Network},
         year = 2024,
        month = sep,
       volume = {37536},
        pages = {1},
       adsurl = {https://ui.adsabs.harvard.edu/abs/2024GCN.37536....1R},
      adsnote = {Provided by the SAO/NASA Astrophysics Data System}
}

@ARTICLE{2024GCN.37454....1P,
       author = {{Paek}, Gregory S.~H. and {Im}, Myungshin and {Choi}, Hyeonho and {Chang}, Seo-Won and {Kim}, Ji Hoon and {7-Dimensional Telescope Collaboration}},
        title = "{GRB 240825A: 7DT Optical Upper Limit}",
      journal = {GRB Coordinates Network},
         year = 2024,
        month = sep,
       volume = {37454},
        pages = {1},
       adsurl = {https://ui.adsabs.harvard.edu/abs/2024GCN.37454....1P},
      adsnote = {Provided by the SAO/NASA Astrophysics Data System}
}

@ARTICLE{2024GCN.37400....1L,
       author = {{Leonini}, S. and {Conti}, M. and {Rosi}, P. and {Tinjaca Ramirez}, L.~M. and {Lorini}, A. and {Verna}, G. and {Bonnoli}, G.},
        title = "{GRB 240825A: Montarrenti Observatory optical follow-up observations}",
      journal = {GRB Coordinates Network},
         year = 2024,
        month = sep,
       volume = {37400},
        pages = {1},
       adsurl = {https://ui.adsabs.harvard.edu/abs/2024GCN.37400....1L},
      adsnote = {Provided by the SAO/NASA Astrophysics Data System}
}

@ARTICLE{2024GCN.37388....1G,
       author = {{Gulati}, A. and {Leung}, J.~K. and {Anderson}, G.~E.},
        title = "{GRB 240825A: ATCA Detection of Radio Counterpart}",
      journal = {GRB Coordinates Network},
         year = 2024,
        month = sep,
       volume = {37388},
        pages = {1},
       adsurl = {https://ui.adsabs.harvard.edu/abs/2024GCN.37388....1G},
      adsnote = {Provided by the SAO/NASA Astrophysics Data System}
}

@ARTICLE{2024GCN.37373....1S,
       author = {{SVOM/C-GFT Team} and {Chao Wu} and {Kang}, Zhe and {Xin}, Liping and {Han}, Xuhui and {Zhang}, Pinpin and {Lu}, Xiaomeng and {Li}, Zhenwei and {Lv}, You and {Zhang}, Ruosong and {Xiao}, Yujie and {SVOM JSWG} and {Wei}, Jian-Yan and {Cordier}, Bertrand and {Zhang}, Shuang-Nan and {Basa}, St{\'e}phane and {Att{\'e}ia}, Jean-Luc and {Claret}, Arnaud and {Dai}, Zi-Gao and {Daigne}, Fr{\'e}d{\'e}ric and {Deng}, Jin-Song and {Goldwurm}, Andrea and {G{\"o}tz}, Diego and {Han}, Xu-Hui and {Lachaud}, Cyril and {Liang}, En-Wei and {Qiu}, Yu-Lei and {Vergani}, Susanna and {Wang}, Jing and {Wu}, Chao and {Xin}, Li-Ping and {Zhang}, Bing and {SVOM team}},
        title = "{GRB 240825A: Magnitude Correction in SVOM/C-GFT Optical Observations}",
      journal = {GRB Coordinates Network},
         year = 2024,
        month = sep,
       volume = {37373},
        pages = {1},
       adsurl = {https://ui.adsabs.harvard.edu/abs/2024GCN.37373....1S},
      adsnote = {Provided by the SAO/NASA Astrophysics Data System}
}

@ARTICLE{2024GCN.37372....1D,
       author = {{de Wet}, S. and {Vreeswijk}, P.~M. and {Groot}, P.~J. and {Meerlicht Consortium}},
        title = "{GRB 240825A: MeerLICHT afterglow detection}",
      journal = {GRB Coordinates Network},
         year = 2024,
        month = sep,
       volume = {37372},
        pages = {1},
       adsurl = {https://ui.adsabs.harvard.edu/abs/2024GCN.37372....1D},
      adsnote = {Provided by the SAO/NASA Astrophysics Data System}
}

@ARTICLE{2024GCN.37367....1B,
       author = {{Belkin}, S. and {Reva}, I. and {Pozanenko}, A. and {Pankov}, N. and {GRB FuN}, the IKI},
        title = "{GRB 240825A: TSHAO Optical Upper Limit}",
      journal = {GRB Coordinates Network},
         year = 2024,
        month = sep,
       volume = {37367},
        pages = {1},
       adsurl = {https://ui.adsabs.harvard.edu/abs/2024GCN.37367....1B},
      adsnote = {Provided by the SAO/NASA Astrophysics Data System}
}

@ARTICLE{2024GCN.37361....1F,
       author = {{Freeburn}, J. and {Andreoni}, I.},
        title = "{GRB 240825A: SOAR observations}",
      journal = {GRB Coordinates Network},
         year = 2024,
        month = aug,
       volume = {37361},
        pages = {1},
       adsurl = {https://ui.adsabs.harvard.edu/abs/2024GCN.37361....1F},
      adsnote = {Provided by the SAO/NASA Astrophysics Data System}
}

@ARTICLE{2024GCN.37355....1M,
       author = {{Moss}, M.~J. and {Barthelmy}, S.~D. and {Gupta}, R. and {Krimm}, H.~A. and {Laha}, S. and {Lien}, A.~Y. and {Markwardt}, C.~B. and {Palmer}, D.~M. and {Parsotan}, T. and {Sadaula}, D. and {Sakamoto}, T.},
        title = "{GRB 240825A: Swift-BAT refined analysis}",
      journal = {GRB Coordinates Network},
         year = 2024,
        month = aug,
       volume = {37355},
        pages = {1},
       adsurl = {https://ui.adsabs.harvard.edu/abs/2024GCN.37355....1M},
      adsnote = {Provided by the SAO/NASA Astrophysics Data System}
}

@ARTICLE{2024GCN.37353....1P,
       author = {{Pe{\~n}a}, C. and {Schroeder}, G. and {Laskar}, T. and {Alexander}, K.~D. and {Christy}, C. and {Berger}, E. and {Chornock}, R. and {Fong}, W. and {Margutti}, R. and {Schady}, P. and {de Wet}, S. and {Groot}, P.},
        title = "{GRB 240825A: MeerKAT detection}",
      journal = {GRB Coordinates Network},
         year = 2024,
        month = aug,
       volume = {37353},
        pages = {1},
       adsurl = {https://ui.adsabs.harvard.edu/abs/2024GCN.37353....1P},
      adsnote = {Provided by the SAO/NASA Astrophysics Data System}
}

@ARTICLE{2024GCN.37338....1S,
       author = {{SVOM/VT commissioning Team} and {Qiu}, Y.~L. and {Xin}, L.~P. and {Li}, H.~L. and {Wu}, C. and {Han}, X.~H. and {Cai}, H.~B. and {Xu}, Y. and {Xiao}, Y.~J. and {Zhang}, P.~P. and {Lan}, L. and {Xie}, W.~J. and {Lu}, X.~M. and {Zhang}, R.~S. and {Xu}, D.~W. and {Li}, G.~W. and {Zhang}, J. and {Dan}, L.~J. and {Zou}, G.~Y. and {Wang}, C.~J. and {Du}, Y.~F. and {Huang}, C. and {Jesse}, P. and {SVOM JSWG} and {Wei}, Jian-Yan and {Cordier}, Bertrand and {Zhang}, Shuang-Nan and {Basa}, Stephane and {Att{\'e}ia}, Jean-Luc and {Claret}, Arnaud and {Dai}, Zi-Gao and {Daigne}, Frederic and {Deng}, Jin-Song and {Goldwurm}, Andrea and {G{\"o}tz}, Diego and {Han}, Xu-Hui and {Lachaud}, Cyril and {Liang}, En-Wei and {Qiu}, Yu-Lei and {Vergani}, Susanna and {Wang}, Jing and {Wu}, Chao and {Xin}, Li-Ping and {Zhang}, Bing and {SVOM Team}},
        title = "{GRB 240825A: SVOM/VT optical detection}",
      journal = {GRB Coordinates Network},
         year = 2024,
        month = aug,
       volume = {37338},
        pages = {1},
       adsurl = {https://ui.adsabs.harvard.edu/abs/2024GCN.37338....1S},
      adsnote = {Provided by the SAO/NASA Astrophysics Data System}
}

@ARTICLE{2024GCN.37336....1M,
       author = {{Moskvitin}, A.~S. and {Spiridonova}, O.~I. and {GRB follow-up Team}},
        title = "{GRB 240825A: further SAO RAS optical observations}",
      journal = {GRB Coordinates Network},
         year = 2024,
        month = aug,
       volume = {37336},
        pages = {1},
       adsurl = {https://ui.adsabs.harvard.edu/abs/2024GCN.37336....1M},
      adsnote = {Provided by the SAO/NASA Astrophysics Data System}
}

@ARTICLE{2024GCN.37335....1G,
       author = {{Romanov}, Filipp Dmitrievich},
        title = "{GRB 240825A: iTelescope optical observations}",
      journal = {GRB Coordinates Network},
         year = 2024,
        month = aug,
       volume = {37335},
        pages = {1},
       adsurl = {https://ui.adsabs.harvard.edu/abs/2024GCN.37335....1G},
      adsnote = {Provided by the SAO/NASA Astrophysics Data System}
}

@ARTICLE{2024GCN.37326....1I,
       author = {{IceCube Collaboration}},
        title = "{GRB 240825A: Upper limits from a neutrino search with IceCube}",
      journal = {GRB Coordinates Network},
         year = 2024,
        month = aug,
       volume = {37326},
        pages = {1},
       adsurl = {https://ui.adsabs.harvard.edu/abs/2024GCN.37326....1I},
      adsnote = {Provided by the SAO/NASA Astrophysics Data System}
}

@ARTICLE{2024GCN.37322....1P,
       author = {{Pe{\~n}a}, C. and {Laskar}, T. and {Schroeder}, G. and {Alexander}, K.~D. and {Christy}, C. and {Berger}, E. and {Chornock}, R. and {Fong}, W. and {Margutti}, R. and {Schady}, P.},
        title = "{GRB 240825A: VLA detection}",
      journal = {GRB Coordinates Network},
         year = 2024,
        month = aug,
       volume = {37322},
        pages = {1},
       adsurl = {https://ui.adsabs.harvard.edu/abs/2024GCN.37322....1P},
      adsnote = {Provided by the SAO/NASA Astrophysics Data System}
}

@ARTICLE{2024GCN.37315....1W,
       author = {{Wang}, Chen-Wei and {Xiong}, Shao-Lin and {Gecam Team}},
        title = "{GRB 240825A: GECAM detection}",
      journal = {GRB Coordinates Network},
         year = 2024,
        month = aug,
       volume = {37315},
        pages = {1},
       adsurl = {https://ui.adsabs.harvard.edu/abs/2024GCN.37315....1W},
      adsnote = {Provided by the SAO/NASA Astrophysics Data System}
}

@ARTICLE{2024GCN.37314....1L,
       author = {{Laskar}, T. and {Alexander}, K.~D. and {Christy}, C. and {Pe{\~n}a}, C. and {Schroeder}, G. and {Berger}, E. and {Chornock}, R. and {Fong}, W. and {Margutti}, R. and {Schady}, P.},
        title = "{GRB 240825A: ALMA detection}",
      journal = {GRB Coordinates Network},
         year = 2024,
        month = aug,
       volume = {37314},
        pages = {1},
       adsurl = {https://ui.adsabs.harvard.edu/abs/2024GCN.37314....1L},
      adsnote = {Provided by the SAO/NASA Astrophysics Data System}
}

@ARTICLE{2024GCN.37313....1M,
       author = {{Moskvitin}, A.~S. and {Spiridonova}, O.~I. and {GRB follow-up Team.}},
        title = "{GRB 240825A: SAO RAS optical observations}",
      journal = {GRB Coordinates Network},
         year = 2024,
        month = aug,
       volume = {37313},
        pages = {1},
       adsurl = {https://ui.adsabs.harvard.edu/abs/2024GCN.37313....1M},
      adsnote = {Provided by the SAO/NASA Astrophysics Data System}
}

@ARTICLE{2024GCN.37310....1M,
       author = {{Melandri}, A. and {D'Avanzo}, P. and {Ferro}, M. and {D'Elia}, V. and {Malesani}, D.~B. and {Rossi}, A. and {Harutyunyan}, A. and {Carosati}, D. and {CIBO Collaboration}},
        title = "{GRB 240825A: TNG optical photometry and spectroscopy}",
      journal = {GRB Coordinates Network},
         year = 2024,
        month = aug,
       volume = {37310},
        pages = {1},
       adsurl = {https://ui.adsabs.harvard.edu/abs/2024GCN.37310....1M},
      adsnote = {Provided by the SAO/NASA Astrophysics Data System}
}

@ARTICLE{2024GCN.37307....1M,
       author = {{Maksut}, Z. and {Grossan}, B. and {Komesh}, T. and {Abdullayev}, Z. and {Krugov}, M. and {Abdikamalov}, E.},
        title = "{GRB 240825A: NUTTelA-TAO / BSTI Optical Limits}",
      journal = {GRB Coordinates Network},
         year = 2024,
        month = aug,
       volume = {37307},
        pages = {1},
       adsurl = {https://ui.adsabs.harvard.edu/abs/2024GCN.37307....1M},
      adsnote = {Provided by the SAO/NASA Astrophysics Data System}
}

@ARTICLE{2024GCN.37306....1W,
       author = {{Wang}, B. -T. and {Song}, F. -F. and {Li}, R. -Z. and {Mao}, J. and {Xin}, Y. -X. and {Bai}, J. -M.},
        title = "{GRB 240825A: GMG Continued Optical Observation on the Second Night}",
      journal = {GRB Coordinates Network},
         year = 2024,
        month = aug,
       volume = {37306},
        pages = {1},
       adsurl = {https://ui.adsabs.harvard.edu/abs/2024GCN.37306....1W},
      adsnote = {Provided by the SAO/NASA Astrophysics Data System}
}

@ARTICLE{2024GCN.37304....1Z,
       author = {{Zheng}, WeiKang and {Filippenko}, Alexei V. and {KAIT GRB team}},
        title = "{GRB 240825A: KAIT optical observations}",
      journal = {GRB Coordinates Network},
         year = 2024,
        month = aug,
       volume = {37304},
        pages = {1},
       adsurl = {https://ui.adsabs.harvard.edu/abs/2024GCN.37304....1Z},
      adsnote = {Provided by the SAO/NASA Astrophysics Data System}
}

@ARTICLE{2024GCN.37303....1G,
       author = {{Guiffreda}, O. and {Durbak}, J. and {Atri}, S. and {Kutyrev}, A.~S. and {Troja}, E. and {De}, K. and {Cenko}, S.~B.},
        title = "{GRB 240825A: PRIME near-infrared detection}",
      journal = {GRB Coordinates Network},
         year = 2024,
        month = aug,
       volume = {37303},
        pages = {1},
       adsurl = {https://ui.adsabs.harvard.edu/abs/2024GCN.37303....1G},
      adsnote = {Provided by the SAO/NASA Astrophysics Data System}
}

@ARTICLE{2024GCN.37302....1F,
       author = {{Frederiks}, D. and {Lysenko}, A. and {Ridnaia}, A. and {Svinkin}, D. and {Tsvetkova}, A. and {Ulanov}, M. and {Cline}, T. and {Konus-Wind Team}},
        title = "{Konus-Wind detection of GRB 240825A (bright/long)}",
      journal = {GRB Coordinates Network},
         year = 2024,
        month = aug,
       volume = {37302},
        pages = {1},
       adsurl = {https://ui.adsabs.harvard.edu/abs/2024GCN.37302....1F},
      adsnote = {Provided by the SAO/NASA Astrophysics Data System}
}

@ARTICLE{2024GCN.37301....1S,
       author = {{Sharma}, V. and {Meegan}, C. and {Fermi Gamma-ray Burst Monitor Team}},
        title = "{GRB 240825A: Fermi GBM Observation}",
      journal = {GRB Coordinates Network},
         year = 2024,
        month = aug,
       volume = {37301},
        pages = {1},
       adsurl = {https://ui.adsabs.harvard.edu/abs/2024GCN.37301....1S},
      adsnote = {Provided by the SAO/NASA Astrophysics Data System}
}

@ARTICLE{2024GCN.37300....1L,
       author = {{Le Floc'h}, E. and {Adami}, C. and {Schneider}, B. and {Saccardi}, A. and {Basa}, S. and {Dennefeld}, M. and {Sch{\"u}ssler}, F. and {Mistral Grb Collaboration}},
        title = "{GRB 240825A : MISTRAL/T193 OHP optical follow-up of the afterglow}",
      journal = {GRB Coordinates Network},
         year = 2024,
        month = aug,
       volume = {37300},
        pages = {1},
       adsurl = {https://ui.adsabs.harvard.edu/abs/2024GCN.37300....1L},
      adsnote = {Provided by the SAO/NASA Astrophysics Data System}
}

@ARTICLE{2024GCN.37299....1O,
       author = {{Odeh}, Mohammad and {Guessoum}, Nidhal},
        title = "{GRB 240825A: AKO Optical Follow-Up Observations}",
      journal = {GRB Coordinates Network},
         year = 2024,
        month = aug,
       volume = {37299},
        pages = {1},
       adsurl = {https://ui.adsabs.harvard.edu/abs/2024GCN.37299....1O},
      adsnote = {Provided by the SAO/NASA Astrophysics Data System}
}

@ARTICLE{2024GCN.37298....1J,
       author = {{Joshi}, J. and {Waratkar}, G. and {Vibhute}, A. and {Bhalerao}, V. and {Bhattacharya}, D. and {Rao}, A.~R. and {Vadawale}, S. and {AstroSat CZTI Collaboration}},
        title = "{GRB 240825A: AstroSat CZTI detection of the long bright burst}",
      journal = {GRB Coordinates Network},
         year = 2024,
        month = aug,
       volume = {37298},
        pages = {1},
       adsurl = {https://ui.adsabs.harvard.edu/abs/2024GCN.37298....1J},
      adsnote = {Provided by the SAO/NASA Astrophysics Data System}
}

@ARTICLE{2024GCN.37296....1K,
       author = {{Kuin}, N.~P.~M. and {Gupta}, R. and {Swift/UVOT Team}},
        title = "{GRB 240825A: Swift/UVOT Detection}",
      journal = {GRB Coordinates Network},
         year = 2024,
        month = aug,
       volume = {37296},
        pages = {1},
       adsurl = {https://ui.adsabs.harvard.edu/abs/2024GCN.37296....1K},
      adsnote = {Provided by the SAO/NASA Astrophysics Data System}
}

@ARTICLE{2024GCN.37295....1B,
       author = {{Brivio}, R. and {Ferro}, M. and {D'Avanzo}, P. and {Covino}, S. and {Fugazza}, D. and {REM Team}},
        title = "{GRB 240825A: REM detection of the optical/NIR afterglow}",
      journal = {GRB Coordinates Network},
         year = 2024,
        month = aug,
       volume = {37295},
        pages = {1},
       adsurl = {https://ui.adsabs.harvard.edu/abs/2024GCN.37295....1B},
      adsnote = {Provided by the SAO/NASA Astrophysics Data System}
}

@ARTICLE{2024GCN.37294....1G,
       author = {{Gropp}, J.~D. and {Osborne}, J.~P. and {Page}, K.~L. and {Beardmore}, A.~P. and {Perri}, M. and {D'Elia}, V. and {Sbarufatti}, B. and {Dichiara}, S. and {Kennea}, J.~A. and {Evans}, P.~A. and {Swift-XRT Team}},
        title = "{GRB 240825A: Swift-XRT refined Analysis}",
      journal = {GRB Coordinates Network},
         year = 2024,
        month = aug,
       volume = {37294},
        pages = {1},
       adsurl = {https://ui.adsabs.harvard.edu/abs/2024GCN.37294....1G},
      adsnote = {Provided by the SAO/NASA Astrophysics Data System}
}

@ARTICLE{2024GCN.37293....1M,
       author = {{Martin-Carrillo}, A. and {Schneider}, B. and {Pugliese}, G. and {Izzo}, L. and {Malesani}, D.~B. and {Saccardi}, A. and {Laskar}, T. and {Agui Fernandez}, J.~F. and {Vergani}, S.~D. and {Stargate Collaboration}},
        title = "{GRB 240825A: VLT/X-shooter redshift}",
      journal = {GRB Coordinates Network},
         year = 2024,
        month = aug,
       volume = {37293},
        pages = {1},
       adsurl = {https://ui.adsabs.harvard.edu/abs/2024GCN.37293....1M},
      adsnote = {Provided by the SAO/NASA Astrophysics Data System}
}

@ARTICLE{2024GCN.37292....1S,
       author = {{SVOM/C-GFT Team} and {Wu}, Chao and {Kang}, Zhe and {Xin}, Liping and {Han}, Xuhui and {Zhang}, Pinpin and {Lu}, Xiaomeng and {Li}, Zhenwei and {Lv}, You and {Zhang}, Ruosong and {Xiao}, Yujiei and {SVOM JSWG} and {Wei}, Jian-Yan and {Cordier}, Bertrand and {Zhang}, Shuang-Nan and {Basa}, Stephane and {Att{\'e}ia}, Jean-Luc and {Claret}, Arnaud and {Dai}, Zi-Gao and {Daigne}, Frederic and {Deng}, Jin-Song and {Goldwurm}, Andrea and {G{\"o}tz}, Diego and {Han}, Xu-Hui and {Lachaud}, Cyril and {Liang}, En-Wei and {Qiu}, Yu-Lei and {Vergani}, Susanna and {Wang}, Jing and {Wu}, Chao and {Xin}, Li-Ping and {Zhang}, Bing},
        title = "{GRB 240825A: SVOM/C-GFT optical observations}",
      journal = {GRB Coordinates Network},
         year = 2024,
        month = aug,
       volume = {37292},
        pages = {1},
       adsurl = {https://ui.adsabs.harvard.edu/abs/2024GCN.37292....1S},
      adsnote = {Provided by the SAO/NASA Astrophysics Data System}
}

@ARTICLE{2024GCN.37291....1L,
       author = {{Leonini}, S. and {Conti}, M. and {Rosi}, P. and {Tinjaca Ramirez}, L.~M. and {Dainotti}, M.~G. and {Niino}, Y. and {Kalinowski}, K. and {De Simone}, B.},
        title = "{GRB 240825A: Montarrenti Observatory optical observations}",
      journal = {GRB Coordinates Network},
         year = 2024,
        month = aug,
       volume = {37291},
        pages = {1},
       adsurl = {https://ui.adsabs.harvard.edu/abs/2024GCN.37291....1L},
      adsnote = {Provided by the SAO/NASA Astrophysics Data System}
}

@ARTICLE{2024GCN.37290....1E,
       author = {{Evans}, P.~A. and {Goad}, M.~R. and {Osborne}, J.~P. and {Beardmore}, A.~P. and {Swift-XRT Team.}},
        title = "{GRB 240825A: Enhanced Swift-XRT position}",
      journal = {GRB Coordinates Network},
         year = 2024,
        month = aug,
       volume = {37290},
        pages = {1},
       adsurl = {https://ui.adsabs.harvard.edu/abs/2024GCN.37290....1E},
      adsnote = {Provided by the SAO/NASA Astrophysics Data System}
}

@ARTICLE{2024GCN.37289....1L,
       author = {{Lipunov}, V. and {Buckley}, D. and {Zhirkov}, K. and {Gorbunov}, I. and {Balanutsa}, P. and {Antipov}, G. and {Kuznetsov}, A. and {Tiurina}, N. and {Gorbovskoy}, E. and {Vlasenko}, D. and {Kechin}, Ya. and {Tselik}, Yu. and {Senik}, V. . and {Gress}, O. and {Budnev}, N. ''ISU'' and {Sosnovskij}, A. and {Podesta}, C. Francile. F. and {Podesta}, R. and {Rebolo}, R. and {Serra}, M. ''The Instituto de Astrofisica de Canarias'' and {Tlatov}, A. and {Dormidontov}, D. and {Gabovich}, A. and {Yurkov}, V.},
        title = "{GRB 240825A: MASTER optical counterpart observation}",
      journal = {GRB Coordinates Network},
         year = 2024,
        month = aug,
       volume = {37289},
        pages = {1},
       adsurl = {https://ui.adsabs.harvard.edu/abs/2024GCN.37289....1L},
      adsnote = {Provided by the SAO/NASA Astrophysics Data System}
}

@ARTICLE{2009ApJ...697.1071A,
       author = {{Atwood}, W.~B. and {Abdo}, A.~A. and {Ackermann}, M. and {Althouse}, W. and {Anderson}, B. and {Axelsson}, M. and {Baldini}, L. and {Ballet}, J. and {Band}, D.~L. and {Barbiellini}, G. and {Bartelt}, J. and {Bastieri}, D. and {Baughman}, B.~M. and {Bechtol}, K. and {B{\'e}d{\'e}r{\`e}de}, D. and {Bellardi}, F. and {Bellazzini}, R. and {Berenji}, B. and {Bignami}, G.~F. and {Bisello}, D. and {Bissaldi}, E. and {Blandford}, R.~D. and {Bloom}, E.~D. and {Bogart}, J.~R. and {Bonamente}, E. and {Bonnell}, J. and {Borgland}, A.~W. and {Bouvier}, A. and {Bregeon}, J. and {Brez}, A. and {Brigida}, M. and {Bruel}, P. and {Burnett}, T.~H. and {Busetto}, G. and {Caliandro}, G.~A. and {Cameron}, R.~A. and {Caraveo}, P.~A. and {Carius}, S. and {Carlson}, P. and {Casandjian}, J.~M. and {Cavazzuti}, E. and {Ceccanti}, M. and {Cecchi}, C. and {Charles}, E. and {Chekhtman}, A. and {Cheung}, C.~C. and {Chiang}, J. and {Chipaux}, R. and {Cillis}, A.~N. and {Ciprini}, S. and {Claus}, R. and {Cohen-Tanugi}, J. and {Condamoor}, S. and {Conrad}, J. and {Corbet}, R. and {Corucci}, L. and {Costamante}, L. and {Cutini}, S. and {Davis}, D.~S. and {Decotigny}, D. and {DeKlotz}, M. and {Dermer}, C.~D. and {de Angelis}, A. and {Digel}, S.~W. and {do Couto e Silva}, E. and {Drell}, P.~S. and {Dubois}, R. and {Dumora}, D. and {Edmonds}, Y. and {Fabiani}, D. and {Farnier}, C. and {Favuzzi}, C. and {Flath}, D.~L. and {Fleury}, P. and {Focke}, W.~B. and {Funk}, S. and {Fusco}, P. and {Gargano}, F. and {Gasparrini}, D. and {Gehrels}, N. and {Gentit}, F. -X. and {Germani}, S. and {Giebels}, B. and {Giglietto}, N. and {Giommi}, P. and {Giordano}, F. and {Glanzman}, T. and {Godfrey}, G. and {Grenier}, I.~A. and {Grondin}, M. -H. and {Grove}, J.~E. and {Guillemot}, L. and {Guiriec}, S. and {Haller}, G. and {Harding}, A.~K. and {Hart}, P.~A. and {Hays}, E. and {Healey}, S.~E. and {Hirayama}, M. and {Hjalmarsdotter}, L. and {Horn}, R. and {Hughes}, R.~E. and {J{\'o}hannesson}, G. and {Johansson}, G. and {Johnson}, A.~S. and {Johnson}, R.~P. and {Johnson}, T.~J. and {Johnson}, W.~N. and {Kamae}, T. and {Katagiri}, H. and {Kataoka}, J. and {Kavelaars}, A. and {Kawai}, N. and {Kelly}, H. and {Kerr}, M. and {Klamra}, W. and {Kn{\"o}dlseder}, J. and {Kocian}, M.~L. and {Komin}, N. and {Kuehn}, F. and {Kuss}, M. and {Landriu}, D. and {Latronico}, L. and {Lee}, B. and {Lee}, S. -H. and {Lemoine-Goumard}, M. and {Lionetto}, A.~M. and {Longo}, F. and {Loparco}, F. and {Lott}, B. and {Lovellette}, M.~N. and {Lubrano}, P. and {Madejski}, G.~M. and {Makeev}, A. and {Marangelli}, B. and {Massai}, M.~M. and {Mazziotta}, M.~N. and {McEnery}, J.~E. and {Menon}, N. and {Meurer}, C. and {Michelson}, P.~F. and {Minuti}, M. and {Mirizzi}, N. and {Mitthumsiri}, W. and {Mizuno}, T. and {Moiseev}, A.~A. and {Monte}, C. and {Monzani}, M.~E. and {Moretti}, E. and {Morselli}, A. and {Moskalenko}, I.~V. and {Murgia}, S. and {Nakamori}, T. and {Nishino}, S. and {Nolan}, P.~L. and {Norris}, J.~P. and {Nuss}, E. and {Ohno}, M. and {Ohsugi}, T. and {Omodei}, N. and {Orlando}, E. and {Ormes}, J.~F. and {Paccagnella}, A. and {Paneque}, D. and {Panetta}, J.~H. and {Parent}, D. and {Pearce}, M. and {Pepe}, M. and {Perazzo}, A. and {Pesce-Rollins}, M. and {Picozza}, P. and {Pieri}, L. and {Pinchera}, M. and {Piron}, F. and {Porter}, T.~A. and {Poupard}, L. and {Rain{\`o}}, S. and {Rando}, R. and {Rapposelli}, E. and {Razzano}, M. and {Reimer}, A. and {Reimer}, O. and {Reposeur}, T. and {Reyes}, L.~C. and {Ritz}, S. and {Rochester}, L.~S. and {Rodriguez}, A.~Y. and {Romani}, R.~W. and {Roth}, M. and {Russell}, J.~J. and {Ryde}, F. and {Sabatini}, S. and {Sadrozinski}, H.~F. -W. and {Sanchez}, D. and {Sander}, A. and {Sapozhnikov}, L. and {Parkinson}, P.~M. Saz and {Scargle}, J.~D. and {Schalk}, T.~L. and {Scolieri}, G. and {Sgr{\`o}}, C. and {Share}, G.~H. and {Shaw}, M. and {Shimokawabe}, T. and {Shrader}, C. and {Sierpowska-Bartosik}, A. and {Siskind}, E.~J. and {Smith}, D.~A. and {Smith}, P.~D. and {Spandre}, G. and {Spinelli}, P. and {Starck}, J. -L. and {Stephens}, T.~E. and {Strickman}, M.~S. and {Strong}, A.~W. and {Suson}, D.~J. and {Tajima}, H. and {Takahashi}, H. and {Takahashi}, T. and {Tanaka}, T. and {Tenze}, A. and {Tether}, S. and {Thayer}, J.~B. and {Thayer}, J.~G. and {Thompson}, D.~J. and {Tibaldo}, L. and {Tibolla}, O. and {Torres}, D.~F. and {Tosti}, G. and {Tramacere}, A. and {Turri}, M. and {Usher}, T.~L. and {Vilchez}, N. and {Vitale}, V. and {Wang}, P. and {Watters}, K. and {Winer}, B.~L. and {Wood}, K.~S. and {Ylinen}, T. and {Ziegler}, M.},
        title = "{The Large Area Telescope on the Fermi Gamma-Ray Space Telescope Mission}",
      journal = {\apj},
     keywords = {cosmic rays, galaxies: active, Galaxy: general, gamma rays: observations, Sun: X-rays, gamma rays, telescopes, Astrophysics - Instrumentation and Methods for Astrophysics, Astrophysics - High Energy Astrophysical Phenomena},
         year = 2009,
        month = jun,
       volume = {697},
       number = {2},
        pages = {1071-1102},
          doi = {10.1088/0004-637X/697/2/1071},
archivePrefix = {arXiv},
       eprint = {0902.1089},
 primaryClass = {astro-ph.IM},
       adsurl = {https://ui.adsabs.harvard.edu/abs/2009ApJ...697.1071A},
      adsnote = {Provided by the SAO/NASA Astrophysics Data System}
}





@ARTICLE{2024GCN.37288....1D,
       author = {{Di Lalla}, N. and {Gupta}, R. and {Holzmann}, A. and {Fermi-LAT Collaboration}},
        title = "{GRB 240825A: Fermi-LAT detection}",
      journal = {GRB Coordinates Network},
         year = 2024,
        month = aug,
       volume = {37288},
        pages = {1},
       adsurl = {https://ui.adsabs.harvard.edu/abs/2024GCN.37288....1D},
      adsnote = {Provided by the SAO/NASA Astrophysics Data System}
}

@ARTICLE{2024GCN.37287....1I,
       author = {{Izzo}, L. and {Malesani}, D.~B.},
        title = "{GRB 240825A: LCO optical observations}",
      journal = {GRB Coordinates Network},
         year = 2024,
        month = aug,
       volume = {37287},
        pages = {1},
       adsurl = {https://ui.adsabs.harvard.edu/abs/2024GCN.37287....1I},
      adsnote = {Provided by the SAO/NASA Astrophysics Data System}
}

@ARTICLE{2024GCN.37283....1L,
       author = {{Lipunov}, V. and {Kornilov}, V. and {Gorbovskoy}, E. and {Zhirkov}, K. and {Tyurina}, N. and {Balanutsa}, P. and {Kuznetsov}, A. and {Senik}, V. and {Vlasenko}, D. and {Antipov}, G. and {Zimnukhov}, D. and {Minkina}, E. and {Chasovnikov}, A. and {Topolev}, V. and {Kuvshinov}, D. and {Cheryasov}, D. and {Kechin}, Ya. and {Tselik}, Yu. and {Sosnovskij}, A. and {Podesta}, R. and {Lopez}, C. and {Podesta}, F. and {Francile}, C. and {Rebolo}, R. and {Serra}, M. and {Buckley}, D. and {Gress}, O.~A. and {Budnev}, N.~M. and {Ershova}, O. and {Carrasco}, L. and {Valdes}, J.~R. and {Chavushyan}, V. and {Alvarez}, Patino V.~M. and {Martinez}, J. and {Corella}, A.~R. and {Rodriguez}, L.~H. and {Tlatov}, A. and {Dormidontov}, D. and {Yurkov}, V. and {Gabovich}, A.},
        title = "{Fermi GRB 240825A: Global MASTER-Net observations report}",
      journal = {GRB Coordinates Network},
         year = 2024,
        month = aug,
       volume = {37283},
        pages = {1},
       adsurl = {https://ui.adsabs.harvard.edu/abs/2024GCN.37283....1L},
      adsnote = {Provided by the SAO/NASA Astrophysics Data System}
}

@ARTICLE{2024GCN.37280....1L,
       author = {{Li}, R. -Z. and {Wang}, B. -T. and {Song}, F. -F. and {Mao}, J. and {Xin}, Y. -X. and {Bai}, J. -M.},
        title = "{GRB 240825A: GMG Optical Observation}",
      journal = {GRB Coordinates Network},
         year = 2024,
        month = aug,
       volume = {37280},
        pages = {1},
       adsurl = {https://ui.adsabs.harvard.edu/abs/2024GCN.37280....1L},
      adsnote = {Provided by the SAO/NASA Astrophysics Data System}
}

@ARTICLE{2024GCN.37279....1L,
       author = {{Lipunov}, V. and {Kornilov}, V. and {Gorbovskoy}, E. and {Zhirkov}, K. and {Tyurina}, N. and {Balanutsa}, P. and {Kuznetsov}, A. and {Senik}, V. and {Vlasenko}, D. and {Antipov}, G. and {Zimnukhov}, D. and {Minkina}, E. and {Chasovnikov}, A. and {Topolev}, V. and {Kuvshinov}, D. and {Cheryasov}, D. and {Kechin}, Ya. and {Tselik}, Yu. and {Sosnovskij}, A. and {Podesta}, R. and {Lopez}, C. and {Podesta}, F. and {Francile}, C. and {Rebolo}, R. and {Serra}, M. and {Buckley}, D. and {Gress}, O.~A. and {Budnev}, N.~M. and {Ershova}, O. and {Carrasco}, L. and {Valdes}, J.~R. and {Chavushyan}, V. and {Alvarez}, Patino V.~M. and {Martinez}, J. and {Corella}, A.~R. and {Rodriguez}, L.~H. and {Tlatov}, A. and {Dormidontov}, D. and {Yurkov}, V. and {Gabovich}, A.},
        title = "{Swift GRB 240825A: Global MASTER-Net observations report}",
      journal = {GRB Coordinates Network},
         year = 2024,
        month = aug,
       volume = {37279},
        pages = {1},
       adsurl = {https://ui.adsabs.harvard.edu/abs/2024GCN.37279....1L},
      adsnote = {Provided by the SAO/NASA Astrophysics Data System}
}

@ARTICLE{2024GCN.37278....1Z,
       author = {{Zhang}, Jinghua and {Du}, Guowang and {Guo}, Helong and {Kumar}, Brajesh and {Wang}, Tao and {Qin}, Zhenfei and {Jin}, Yicheng and {Zou}, Xingzhu and {Pan}, Yu and {Chen}, Xinlei and {Fang}, Yuan and {Han}, Xuhui and {Zhang}, Pinpin and {Xin}, Liping and {Wu}, Chao and {Yang}, Yuanpei and {Er}, Xinzhong and {Liu}, Xiangkun and {Liu}, Xiaowei and {Mephisto Team}},
        title = "{GRB 240825A: 1.6m Mephisto multi-band detection}",
      journal = {GRB Coordinates Network},
         year = 2024,
        month = aug,
       volume = {37278},
        pages = {1},
       adsurl = {https://ui.adsabs.harvard.edu/abs/2024GCN.37278....1Z},
      adsnote = {Provided by the SAO/NASA Astrophysics Data System}
}

@ARTICLE{2024GCN.37277....1O,
       author = {{Odeh}, Mohammad and {Guessoum}, Nidhal},
        title = "{GRB 240825A: AKO Optical Afterglow Detection}",
      journal = {GRB Coordinates Network},
         year = 2024,
        month = aug,
       volume = {37277},
        pages = {1},
       adsurl = {https://ui.adsabs.harvard.edu/abs/2024GCN.37277....1O},
      adsnote = {Provided by the SAO/NASA Astrophysics Data System}
}

@ARTICLE{2024GCN.37276....1D,
       author = {{Dutton}, Dylan and {Dubay}, Megan and {Schlekat}, Donovan and {Fu}, Ruide and {Reichart}, Daniel and {Haislip}, Joshua and {Kouprianov}, Vladimir and {Kennewall}, John and {Veever}, Arie and {Janzen}, Daryl},
        title = "{GRB 240825A: Skynet Optical Afterglow observations}",
      journal = {GRB Coordinates Network},
         year = 2024,
        month = aug,
       volume = {37276},
        pages = {1},
       adsurl = {https://ui.adsabs.harvard.edu/abs/2024GCN.37276....1D},
      adsnote = {Provided by the SAO/NASA Astrophysics Data System}
}

@ARTICLE{2024GCN.37275....1J,
       author = {{Jiang}, S.~Q. and {Liu}, X. and {An}, J. and {Zhu}, Z.~P. and {Fu}, S.~Y. and {Xu}, D. and {Gao}, X. and {Liu}, J.~Z.},
        title = "{GRB 240825A: Nanshan/HMT optical afterglow observations}",
      journal = {GRB Coordinates Network},
         year = 2024,
        month = aug,
       volume = {37275},
        pages = {1},
       adsurl = {https://ui.adsabs.harvard.edu/abs/2024GCN.37275....1J},
      adsnote = {Provided by the SAO/NASA Astrophysics Data System}
}

@ARTICLE{2024GCN.37274....1G,
       author = {{Gupta}, R. and {Brivio}, R. and {Dichiara}, S. and {Ferro}, M. and {Kennea}, J.~A. and {Page}, K.~L. and {Palmer}, D.~M. and {Sbarrato}, T. and {Neil Gehrels Swift Observatory Team}},
        title = "{GRB 240825A: Swift detection of a burst with a bright optical counterpart}",
      journal = {GRB Coordinates Network},
         year = 2024,
        month = aug,
       volume = {37274},
        pages = {1},
       adsurl = {https://ui.adsabs.harvard.edu/abs/2024GCN.37274....1G},
      adsnote = {Provided by the SAO/NASA Astrophysics Data System}
}

@ARTICLE{2024GCN.37273....1F,
       author = {{Fermi GBM Team}},
        title = "{GRB 240825A: Fermi GBM Final Real-time Localization}",
      journal = {GRB Coordinates Network},
         year = 2024,
        month = aug,
       volume = {37273},
        pages = {1},
       adsurl = {https://ui.adsabs.harvard.edu/abs/2024GCN.37273....1F},
      adsnote = {Provided by the SAO/NASA Astrophysics Data System}
}

@MISC{2023cxo..prop.6846G,
       author = {{Gompertz}, Benjamin},
        title = "{Calibrating the afterglow contribution and energetics of GRB 240825A}",
     keywords = {Chandra Proposal ID \#25509015},
 howpublished = {Chandra Proposal ID \#25509015},
         year = 2023,
        month = oct,
        pages = {6846},
       adsurl = {https://ui.adsabs.harvard.edu/abs/2023cxo..prop.6846G},
      adsnote = {Provided by the SAO/NASA Astrophysics Data System}
}


@ARTICLE{Rastinejad2022arXiv220410864R,
       author = {{Rastinejad}, J.~C. and {Gompertz}, B.~P. and {Levan}, A.~J. and {Fong}, W. and {Nicholl}, M. and {Lamb}, G.~P. and {Malesani}, D.~B. and {Nugent}, A.~E. and {Oates}, S.~R. and {Tanvir}, N.~R. and {de Ugarte Postigo}, A. and {Kilpatrick}, C.~D. and {Moore}, C.~J. and {Metzger}, B.~D. and {Ravasio}, M.~E. and {Rossi}, A. and {Schroeder}, G. and {Jencson}, J. and {Sand}, D.~J. and {Smith}, N. and {Ag{\"u}{\'\i} Fern{\'a}ndez}, J.~F. and {Berger}, E. and {Blanchard}, P.~K. and {Chornock}, R. and {Cobb}, B.~E. and {De Pasquale}, M. and {Fynbo}, J.~P.~U. and {Izzo}, L. and {Kann}, D.~A. and {Laskar}, T. and {Marini}, E. and {Paterson}, K. and {Rouco Escorial}, A. and {Sears}, H.~M. and {Th{\"o}ne}, C.~C.},
        title = "{A Kilonova Following a Long-Duration Gamma-Ray Burst at 350 Mpc}",
      journal = {arXiv e-prints},
     keywords = {Astrophysics - High Energy Astrophysical Phenomena},
         year = 2022,
        month = apr,
          eid = {arXiv:2204.10864},
        pages = {arXiv:2204.10864},
archivePrefix = {arXiv},
       eprint = {2204.10864},
 primaryClass = {astro-ph.HE},
       adsurl = {https://ui.adsabs.harvard.edu/abs/2022arXiv220410864R},
      adsnote = {Provided by the SAO/NASA Astrophysics Data System}
}

@ARTICLE{2022arXiv220508566M,
       author = {{Mei}, Alessio and {Banerjee}, Biswajit and {Oganesyan}, Gor and {Sharan Salafia}, Om and {Giarratana}, Stefano and {Branchesi}, Marica and {D'Avanzo}, Paolo and {Campana}, Sergio and {Ghirlanda}, Giancarlo and {Ronchini}, Samuele and {Shukla}, Amit and {Tiwari}, Pawan},
        title = "{GeV emission from a compact binary merger}",
      journal = {arXiv e-prints},
     keywords = {Astrophysics - High Energy Astrophysical Phenomena},
         year = 2022,
        month = may,
          eid = {arXiv:2205.08566},
        pages = {arXiv:2205.08566},
archivePrefix = {arXiv},
       eprint = {2205.08566},
 primaryClass = {astro-ph.HE},
       adsurl = {https://ui.adsabs.harvard.edu/abs/2022arXiv220508566M},
      adsnote = {Provided by the SAO/NASA Astrophysics Data System}
}

@ARTICLE{Yang2022arXiv220412771Y,
       author = {{Yang}, J. and {Zhang}, B. -B. and {Ai}, S. -K and {Liu}, Z. -K. and {Wang}, X.~I. and {Yang}, Y. -H. and {Yin}, Y. -H. and {Li}, Y. and {L{\"u}}, H. -J. and {Zhang}, B.},
        title = "{A peculiar, long-duration gamma-ray burst from a neutron star-white dwarf merger}",
      journal = {arXiv e-prints},
     keywords = {Astrophysics - High Energy Astrophysical Phenomena},
         year = 2022,
        month = apr,
          eid = {arXiv:2204.12771},
        pages = {arXiv:2204.12771},
archivePrefix = {arXiv},
       eprint = {2204.12771},
 primaryClass = {astro-ph.HE},
       adsurl = {https://ui.adsabs.harvard.edu/abs/2022arXiv220412771Y},
      adsnote = {Provided by the SAO/NASA Astrophysics Data System}
}

@ARTICLE{Xiao2022arXiv220502186X,
       author = {{Xiao}, Shuo and {Zhang}, Yan-Qiu and {Zhu}, Zi-Pei and {Xiong}, Shao-Lin and {Gao}, He and {Xu}, Dong and {Zhang}, Shuang-Nan and {Peng}, Wen-Xi and {Li}, Xiao-Bo and {Zhang}, Peng and {Lu}, Fang-Jun and {Lin}, Lin and {Liu}, Liang-Duan and {Zhang}, Zhen and {Ge}, Ming-Yu and {Tuo}, You-Li and {Xue}, Wang-Chen and {Fu}, Shao-Yu and {Liu}, Xing and {Li}, An and {Wang}, Tian-Cong and {Zheng}, Chao and {Wang}, Yue and {Jiang}, Shuai-Qing and {Li}, Jin-Da and {Liu}, Jia-Cong and {Cao}, Zhou-Jian and {Cai}, Ce and {Yi}, Qi-Bin and {Zhao}, Yi and {Xie}, Sheng-Lun and {Li}, Cheng-Kui and {Luo}, Qi and {Liao}, Jin-Yuan and {Song}, Li-Ming and {Zhang}, Shu and {Qu}, Jin-Lu and {Liu}, Cong-Zhan and {Li}, Xu-Fang and {Xu}, Yu-Peng and {Li}, Ti-Pei},
        title = "{The quasi-periodically oscillating precursor of a long gamma-ray burst from a binary neutron star merger}",
      journal = {arXiv e-prints},
     keywords = {Astrophysics - High Energy Astrophysical Phenomena},
         year = 2022,
        month = may,
          eid = {arXiv:2205.02186},
        pages = {arXiv:2205.02186},
archivePrefix = {arXiv},
       eprint = {2205.02186},
 primaryClass = {astro-ph.HE},
       adsurl = {https://ui.adsabs.harvard.edu/abs/2022arXiv220502186X},
      adsnote = {Provided by the SAO/NASA Astrophysics Data System}
}

@ARTICLE{Abdo2009,
       author = {{Abdo}, A.~A. and {Ackermann}, M. and {Ajello}, M. and {Asano}, K. and {Atwood}, W.~B. and {Axelsson}, M. and {Baldini}, L. and {Ballet}, J. and {Barbiellini}, G. and {Baring}, M.~G. and {Bastieri}, D. and {Bechtol}, K. and {Bellazzini}, R. and {Berenji}, B. and {Bhat}, P.~N. and {Bissaldi}, E. and {Blandford}, R.~D. and {Bloom}, E.~D. and {Bonamente}, E. and {Borgland}, A.~W. and {Bouvier}, A. and {Bregeon}, J. and {Brez}, A. and {Briggs}, M.~S. and {Brigida}, M. and {Bruel}, P. and {Burgess}, J.~M. and {Burrows}, D.~N. and {Buson}, S. and {Caliandro}, G.~A. and {Cameron}, R.~A. and {Caraveo}, P.~A. and {Casandjian}, J.~M. and {Cecchi}, C. and {{\c{C}}elik}, {\"O}. and {Chekhtman}, A. and {Cheung}, C.~C. and {Chiang}, J. and {Ciprini}, S. and {Claus}, R. and {Cohen-Tanugi}, J. and {Cominsky}, L.~R. and {Connaughton}, V. and {Conrad}, J. and {Cutini}, S. and {d'Elia}, V. and {Dermer}, C.~D. and {de Angelis}, A. and {de Palma}, F. and {Digel}, S.~W. and {Dingus}, B.~L. and {Silva}, E. do Couto e. and {Drell}, P.~S. and {Dubois}, R. and {Dumora}, D. and {Farnier}, C. and {Favuzzi}, C. and {Fegan}, S.~J. and {Finke}, J. and {Fishman}, G. and {Focke}, W.~B. and {Fortin}, P. and {Frailis}, M. and {Fukazawa}, Y. and {Funk}, S. and {Fusco}, P. and {Gargano}, F. and {Gehrels}, N. and {Germani}, S. and {Giavitto}, G. and {Giebels}, B. and {Giglietto}, N. and {Giordano}, F. and {Glanzman}, T. and {Godfrey}, G. and {Goldstein}, A. and {Granot}, J. and {Greiner}, J. and {Grenier}, I.~A. and {Grove}, J.~E. and {Guillemot}, L. and {Guiriec}, S. and {Hanabata}, Y. and {Harding}, A.~K. and {Hayashida}, M. and {Hays}, E. and {Horan}, D. and {Hughes}, R.~E. and {Jackson}, M.~S. and {J{\'o}hannesson}, G. and {Johnson}, A.~S. and {Johnson}, R.~P. and {Johnson}, W.~N. and {Kamae}, T. and {Katagiri}, H. and {Kataoka}, J. and {Kawai}, N. and {Kerr}, M. and {Kippen}, R.~M. and {Kn{\"o}dlseder}, J. and {Kocevski}, D. and {Komin}, N. and {Kouveliotou}, C. and {Kuss}, M. and {Lande}, J. and {Latronico}, L. and {Lemoine-Goumard}, M. and {Longo}, F. and {Loparco}, F. and {Lott}, B. and {Lovellette}, M.~N. and {Lubrano}, P. and {Madejski}, G.~M. and {Makeev}, A. and {Mazziotta}, M.~N. and {McBreen}, S. and {McEnery}, J.~E. and {McGlynn}, S. and {Meegan}, C. and {M{\'e}sz{\'a}ros}, P. and {Meurer}, C. and {Michelson}, P.~F. and {Mitthumsiri}, W. and {Mizuno}, T. and {Moiseev}, A.~A. and {Monte}, C. and {Monzani}, M.~E. and {Moretti}, E. and {Morselli}, A. and {Moskalenko}, I.~V. and {Murgia}, S. and {Nakamori}, T. and {Nolan}, P.~L. and {Norris}, J.~P. and {Nuss}, E. and {Ohno}, M. and {Ohsugi}, T. and {Omodei}, N. and {Orlando}, E. and {Ormes}, J.~F. and {Paciesas}, W.~S. and {Paneque}, D. and {Panetta}, J.~H. and {Pelassa}, V. and {Pepe}, M. and {Pesce-Rollins}, M. and {Petrosian}, V. and {Piron}, F. and {Porter}, T.~A. and {Preece}, R. and {Rain{\`o}}, S. and {Rando}, R. and {Rau}, A. and {Razzano}, M. and {Razzaque}, S. and {Reimer}, A. and {Reimer}, O. and {Reposeur}, T. and {Ritz}, S. and {Rochester}, L.~S. and {Rodriguez}, A.~Y. and {Roming}, P.~W.~A. and {Roth}, M. and {Ryde}, F. and {Sadrozinski}, H.~F. -W. and {Sanchez}, D. and {Sander}, A. and {Saz Parkinson}, P.~M. and {Scargle}, J.~D. and {Schalk}, T.~L. and {Sgr{\`o}}, C. and {Siskind}, E.~J. and {Smith}, P.~D. and {Spinelli}, P. and {Stamatikos}, M. and {Stecker}, F.~W. and {Stratta}, G. and {Strickman}, M.~S. and {Suson}, D.~J. and {Swenson}, C.~A. and {Tajima}, H. and {Takahashi}, H. and {Tanaka}, T. and {Thayer}, J.~B. and {Thayer}, J.~G. and {Thompson}, D.~J. and {Tibaldo}, L. and {Torres}, D.~F. and {Tosti}, G. and {Tramacere}, A. and {Uchiyama}, Y. and {Uehara}, T. and {Usher}, T.~L. and {van der Horst}, A.~J. and {Vasileiou}, V. and {Vilchez}, N. and {Vitale}, V. and {von Kienlin}, A. and {Waite}, A.~P. and {Wang}, P. and {Wilson-Hodge}, C. and {Winer}, B.~L. and {Wood}, K.~S. and {Yamazaki}, R. and {Ylinen}, T. and {Ziegler}, M.},
        title = "{Fermi Observations of GRB 090902B: A Distinct Spectral Component in the Prompt and Delayed Emission}",
      journal = {\apjl},
     keywords = {gamma rays: bursts, Astrophysics - High Energy Astrophysical Phenomena},
         year = 2009,
        month = nov,
       volume = {706},
       number = {1},
        pages = {L138-L144},
          doi = {10.1088/0004-637X/706/1/L138},
archivePrefix = {arXiv},
       eprint = {0909.2470},
 primaryClass = {astro-ph.HE},
       adsurl = {https://ui.adsabs.harvard.edu/abs/2009ApJ...706L.138A},
      adsnote = {Provided by the SAO/NASA Astrophysics Data System}
}
@ARTICLE{Kumar2010MNRAS.409..226K,
       author = {{Kumar}, P. and {Barniol Duran}, R.},
        title = "{External forward shock origin of high-energy emission for three gamma-ray bursts detected by Fermi}",
      journal = {\mnras},
     keywords = {radiation mechanisms: non-thermal, methods: analytical, methods: numerical, gamma-ray burst: individual: GRB080916C, gamma-ray burst: individual: GRB090510, gamma-ray burst: individual: GRB090902B, Astrophysics - High Energy Astrophysical Phenomena},
         year = 2010,
        month = nov,
       volume = {409},
       number = {1},
        pages = {226-236},
          doi = {10.1111/j.1365-2966.2010.17274.x},
archivePrefix = {arXiv},
       eprint = {0910.5726},
 primaryClass = {astro-ph.HE},
       adsurl = {https://ui.adsabs.harvard.edu/abs/2010MNRAS.409..226K},
      adsnote = {Provided by the SAO/NASA Astrophysics Data System}
}

@ARTICLE{Ghirlanda2010A&A...510L7G,
       author = {{Ghirlanda}, G. and {Ghisellini}, G. and {Nava}, L.},
        title = "{The onset of the GeV afterglow of GRB 090510}",
      journal = {\aap},
     keywords = {gamma-ray burst: general, radiation mechanisms: non-thermal, X-rays: general, Astrophysics - High Energy Astrophysical Phenomena},
         year = 2010,
        month = feb,
       volume = {510},
          eid = {L7},
        pages = {L7},
          doi = {10.1051/0004-6361/200913980},
archivePrefix = {arXiv},
       eprint = {0909.0016},
 primaryClass = {astro-ph.HE},
       adsurl = {https://ui.adsabs.harvard.edu/abs/2010A&A...510L...7G},
      adsnote = {Provided by the SAO/NASA Astrophysics Data System}
}

@ARTICLE{Wang2010ApJ...712.1232W,
       author = {{Wang}, Xiang-Yu and {He}, Hao-Ning and {Li}, Zhuo and {Wu}, Xue-Feng and {Dai}, Zi-Gao},
        title = "{Klein-Nishina Effects on the High-energy Afterglow Emission of Gamma-ray Bursts}",
      journal = {\apj},
     keywords = {gamma-ray burst: general, radiation mechanisms: non-thermal, Astrophysics - High Energy Astrophysical Phenomena},
         year = 2010,
        month = apr,
       volume = {712},
       number = {2},
        pages = {1232-1240},
          doi = {10.1088/0004-637X/712/2/1232},
archivePrefix = {arXiv},
       eprint = {0911.4189},
 primaryClass = {astro-ph.HE},
       adsurl = {https://ui.adsabs.harvard.edu/abs/2010ApJ...712.1232W},
      adsnote = {Provided by the SAO/NASA Astrophysics Data System}
}

@ARTICLE{MAGICGRB190114TeV,
       author = {{MAGIC Collaboration} and {Acciari}, V.~A. and {Ansoldi}, S. and {Antonelli}, L.~A. and {Arbet Engels}, A. and {Baack}, D. and {Babi{\'c}}, A. and {Banerjee}, B. and {Barres de Almeida}, U. and {Barrio}, J.~A. and {Becerra Gonz{\'a}lez}, J. and {Bednarek}, W. and {Bellizzi}, L. and {Bernardini}, E. and {Berti}, A. and {Besenrieder}, J. and {Bhattacharyya}, W. and {Bigongiari}, C. and {Biland}, A. and {Blanch}, O. and {Bonnoli}, G. and {Bo{\v{s}}njak}, {\v{Z}}. and {Busetto}, G. and {Carosi}, A. and {Carosi}, R. and {Ceribella}, G. and {Chai}, Y. and {Chilingaryan}, A. and {Cikota}, S. and {Colak}, S.~M. and {Colin}, U. and {Colombo}, E. and {Contreras}, J.~L. and {Cortina}, J. and {Covino}, S. and {D'Amico}, G. and {D'Elia}, V. and {da Vela}, P. and {Dazzi}, F. and {de Angelis}, A. and {de Lotto}, B. and {Delfino}, M. and {Delgado}, J. and {Depaoli}, D. and {di Pierro}, F. and {di Venere}, L. and {Do Souto Espi{\~n}eira}, E. and {Dominis Prester}, D. and {Donini}, A. and {Dorner}, D. and {Doro}, M. and {Elsaesser}, D. and {Fallah Ramazani}, V. and {Fattorini}, A. and {Fern{\'a}ndez-Barral}, A. and {Ferrara}, G. and {Fidalgo}, D. and {Foffano}, L. and {Fonseca}, M.~V. and {Font}, L. and {Fruck}, C. and {Fukami}, S. and {Gallozzi}, S. and {Garc{\'\i}a L{\'o}pez}, R.~J. and {Garczarczyk}, M. and {Gasparyan}, S. and {Gaug}, M. and {Giglietto}, N. and {Giordano}, F. and {Godinovi{\'c}}, N. and {Green}, D. and {Guberman}, D. and {Hadasch}, D. and {Hahn}, A. and {Herrera}, J. and {Hoang}, J. and {Hrupec}, D. and {H{\"u}tten}, M. and {Inada}, T. and {Inoue}, S. and {Ishio}, K. and {Iwamura}, Y. and {Jouvin}, L. and {Kerszberg}, D. and {Kubo}, H. and {Kushida}, J. and {Lamastra}, A. and {Lelas}, D. and {Leone}, F. and {Lindfors}, E. and {Lombardi}, S. and {Longo}, F. and {L{\'o}pez}, M. and {L{\'o}pez-Coto}, R. and {L{\'o}pez-Oramas}, A. and {Loporchio}, S. and {Machado de Oliveira Fraga}, B. and {Maggio}, C. and {Majumdar}, P. and {Makariev}, M. and {Mallamaci}, M. and {Maneva}, G. and {Manganaro}, M. and {Mannheim}, K. and {Maraschi}, L. and {Mariotti}, M. and {Mart{\'\i}nez}, M. and {Masuda}, S. and {Mazin}, D. and {Mi{\'c}anovi{\'c}}, S. and {Miceli}, D. and {Minev}, M. and {Miranda}, J.~M. and {Mirzoyan}, R. and {Molina}, E. and {Moralejo}, A. and {Morcuende}, D. and {Moreno}, V. and {Moretti}, E. and {Munar-Adrover}, P. and {Neustroev}, V. and {Nigro}, C. and {Nilsson}, K. and {Ninci}, D. and {Nishijima}, K. and {Noda}, K. and {Nogu{\'e}s}, L. and {N{\"o}the}, M. and {Nozaki}, S. and {Paiano}, S. and {Palacio}, J. and {Palatiello}, M. and {Paneque}, D. and {Paoletti}, R. and {Paredes}, J.~M. and {Pe{\~n}il}, P. and {Peresano}, M. and {Persic}, M. and {Prada Moroni}, P.~G. and {Prandini}, E. and {Puljak}, I. and {Rhode}, W. and {Rib{\'o}}, M. and {Rico}, J. and {Righi}, C. and {Rugliancich}, A. and {Saha}, L. and {Sahakyan}, N. and {Saito}, T. and {Sakurai}, S. and {Satalecka}, K. and {Schmidt}, K. and {Schweizer}, T. and {Sitarek}, J. and {{\v{S}}nidari{\'c}}, I. and {Sobczynska}, D. and {Somero}, A. and {Stamerra}, A. and {Strom}, D. and {Strzys}, M. and {Suda}, Y. and {Suri{\'c}}, T. and {Takahashi}, M. and {Tavecchio}, F. and {Temnikov}, P. and {Terzi{\'c}}, T. and {Teshima}, M. and {Torres-Alb{\`a}}, N. and {Tosti}, L. and {Tsujimoto}, S. and {Vagelli}, V. and {van Scherpenberg}, J. and {Vanzo}, G. and {Vazquez Acosta}, M. and {Vigorito}, C.~F. and {Vitale}, V. and {Vovk}, I. and {Will}, M. and {Zari{\'c}}, D. and {Nava}, L.},
        title = "{Teraelectronvolt emission from the {\ensuremath{\gamma}}-ray burst GRB 190114C}",
      journal = {\nat},
     keywords = {Astrophysics - High Energy Astrophysical Phenomena},
         year = 2019,
        month = nov,
       volume = {575},
       number = {7783},
        pages = {455-458},
          doi = {10.1038/s41586-019-1750-x},
archivePrefix = {arXiv},
       eprint = {2006.07249},
 primaryClass = {astro-ph.HE},
       adsurl = {https://ui.adsabs.harvard.edu/abs/2019Natur.575..455M},
      adsnote = {Provided by the SAO/NASA Astrophysics Data System}
}

@ARTICLE{Sari1998ApJ...497L..17S,
       author = {{Sari}, Re'em and {Piran}, Tsvi and {Narayan}, Ramesh},
        title = "{Spectra and Light Curves of Gamma-Ray Burst Afterglows}",
      journal = {\apjl},
     keywords = {GAMMA RAYS: BURSTS, HYDRODYNAMICS, SHOCK WAVES, RELATIVITY, Gamma Rays: Bursts, Hydrodynamics, Relativity, Shock Waves, Astrophysics},
         year = 1998,
        month = apr,
       volume = {497},
       number = {1},
        pages = {L17-L20},
          doi = {10.1086/311269},
archivePrefix = {arXiv},
       eprint = {astro-ph/9712005},
 primaryClass = {astro-ph},
       adsurl = {https://ui.adsabs.harvard.edu/abs/1998ApJ...497L..17S},
      adsnote = {Provided by the SAO/NASA Astrophysics Data System}
}

@ARTICLE{Gehrels2006Natur.444.1044G,
       author = {{Gehrels}, N. and {Norris}, J.~P. and {Barthelmy}, S.~D. and {Granot}, J. and {Kaneko}, Y. and {Kouveliotou}, C. and {Markwardt}, C.~B. and {M{\'e}sz{\'a}ros}, P. and {Nakar}, E. and {Nousek}, J.~A. and {O'Brien}, P.~T. and {Page}, M. and {Palmer}, D.~M. and {Parsons}, A.~M. and {Roming}, P.~W.~A. and {Sakamoto}, T. and {Sarazin}, C.~L. and {Schady}, P. and {Stamatikos}, M. and {Woosley}, S.~E.},
        title = "{A new {\ensuremath{\gamma}}-ray burst classification scheme from GRB060614}",
      journal = {\nat},
     keywords = {Astrophysics},
         year = 2006,
        month = dec,
       volume = {444},
       number = {7122},
        pages = {1044-1046},
          doi = {10.1038/nature05376},
archivePrefix = {arXiv},
       eprint = {astro-ph/0610635},
 primaryClass = {astro-ph},
       adsurl = {https://ui.adsabs.harvard.edu/abs/2006Natur.444.1044G},
      adsnote = {Provided by the SAO/NASA Astrophysics Data System}
}

@ARTICLE{GalYam2006Natur.444.1053G,
       author = {{Gal-Yam}, A. and {Fox}, D.~B. and {Price}, P.~A. and {Ofek}, E.~O. and {Davis}, M.~R. and {Leonard}, D.~C. and {Soderberg}, A.~M. and {Schmidt}, B.~P. and {Lewis}, K.~M. and {Peterson}, B.~A. and {Kulkarni}, S.~R. and {Berger}, E. and {Cenko}, S.~B. and {Sari}, R. and {Sharon}, K. and {Frail}, D. and {Moon}, D. -S. and {Brown}, P.~J. and {Cucchiara}, A. and {Harrison}, F. and {Piran}, T. and {Persson}, S.~E. and {McCarthy}, P.~J. and {Penprase}, B.~E. and {Chevalier}, R.~A. and {MacFadyen}, A.~I.},
        title = "{A novel explosive process is required for the {\ensuremath{\gamma}}-ray burst GRB 060614}",
      journal = {\nat},
     keywords = {Astrophysics},
         year = 2006,
        month = dec,
       volume = {444},
       number = {7122},
        pages = {1053-1055},
          doi = {10.1038/nature05373},
archivePrefix = {arXiv},
       eprint = {astro-ph/0608257},
 primaryClass = {astro-ph},
       adsurl = {https://ui.adsabs.harvard.edu/abs/2006Natur.444.1053G},
      adsnote = {Provided by the SAO/NASA Astrophysics Data System}
}

@ARTICLE{Ahumada2021NatAs...5..917A,
       author = {{Ahumada}, Tom{\'a}s and {Singer}, Leo P. and {Anand}, Shreya and {Coughlin}, Michael W. and {Kasliwal}, Mansi M. and {Ryan}, Geoffrey and {Andreoni}, Igor and {Cenko}, S. Bradley and {Fremling}, Christoffer and {Kumar}, Harsh and {Pang}, Peter T.~H. and {Burns}, Eric and {Cunningham}, Virginia and {Dichiara}, Simone and {Dietrich}, Tim and {Svinkin}, Dmitry S. and {Almualla}, Mouza and {Castro-Tirado}, Alberto J. and {De}, Kishalay and {Dunwoody}, Rachel and {Gatkine}, Pradip and {Hammerstein}, Erica and {Iyyani}, Shabnam and {Mangan}, Joseph and {Perley}, Dan and {Purkayastha}, Sonalika and {Bellm}, Eric and {Bhalerao}, Varun and {Bolin}, Bryce and {Bulla}, Mattia and {Cannella}, Christopher and {Chandra}, Poonam and {Duev}, Dmitry A. and {Frederiks}, Dmitry and {Gal-Yam}, Avishay and {Graham}, Matthew and {Ho}, Anna Y.~Q. and {Hurley}, Kevin and {Karambelkar}, Viraj and {Kool}, Erik C. and {Kulkarni}, S.~R. and {Mahabal}, Ashish and {Masci}, Frank and {McBreen}, Sheila and {Pandey}, Shashi B. and {Reusch}, Simeon and {Ridnaia}, Anna and {Rosnet}, Philippe and {Rusholme}, Benjamin and {Carracedo}, Ana Sagu{\'e}s and {Smith}, Roger and {Soumagnac}, Maayane and {Stein}, Robert and {Troja}, Eleonora and {Tsvetkova}, Anastasia and {Walters}, Richard and {Valeev}, Azamat F.},
        title = "{Discovery and confirmation of the shortest gamma-ray burst from a collapsar}",
      journal = {Nature Astronomy},
     keywords = {Astrophysics - High Energy Astrophysical Phenomena},
         year = 2021,
        month = jul,
       volume = {5},
        pages = {917-927},
          doi = {10.1038/s41550-021-01428-7},
archivePrefix = {arXiv},
       eprint = {2105.05067},
 primaryClass = {astro-ph.HE},
       adsurl = {https://ui.adsabs.harvard.edu/abs/2021NatAs...5..917A},
      adsnote = {Provided by the SAO/NASA Astrophysics Data System}
}

@ARTICLE{Zhang2021NatAs...5..911Z,
       author = {{Zhang}, B. -B. and {Liu}, Z. -K. and {Peng}, Z. -K. and {Li}, Y. and {L{\"u}}, H. -J. and {Yang}, J. and {Yang}, Y. -S. and {Yang}, Y. -H. and {Meng}, Y. -Z. and {Zou}, J. -H. and {Ye}, H. -Y. and {Wang}, X. -G. and {Mao}, J. -R. and {Zhao}, X. -H. and {Bai}, J. -M. and {Castro-Tirado}, A.~J. and {Hu}, Y. -D. and {Dai}, Z. -G. and {Liang}, E. -W. and {Zhang}, B.},
        title = "{A peculiarly short-duration gamma-ray burst from massive star core collapse}",
      journal = {Nature Astronomy},
     keywords = {Astrophysics - High Energy Astrophysical Phenomena, Astrophysics - Astrophysics of Galaxies},
         year = 2021,
        month = jul,
       volume = {5},
        pages = {911-916},
          doi = {10.1038/s41550-021-01395-z},
archivePrefix = {arXiv},
       eprint = {2105.05021},
 primaryClass = {astro-ph.HE},
       adsurl = {https://ui.adsabs.harvard.edu/abs/2021NatAs...5..911Z},
      adsnote = {Provided by the SAO/NASA Astrophysics Data System}
}




@ARTICLE{Gompertz2022arXiv220505008G,
       author = {{Gompertz}, B.~P. and {Ravasio}, M.~E. and {Nicholl}, M. and {Levan}, A.~J. and {Metzger}, B.~D. and {Oates}, S.~R. and {Lamb}, G.~P. and {Fong}, W. and {Malesani}, D.~B. and {Rastinejad}, J.~C. and {Tanvir}, N.~R. and {Evans}, P.~A. and {Jonker}, P.~G. and {Page}, K.~L. and {Pe'er}, A.},
        title = "{A minute-long merger-driven gamma-ray burst from fast-cooling synchrotron emission}",
      journal = {arXiv e-prints},
     keywords = {Astrophysics - High Energy Astrophysical Phenomena},
         year = 2022,
        month = may,
          eid = {arXiv:2205.05008},
        pages = {arXiv:2205.05008},
archivePrefix = {arXiv},
       eprint = {2205.05008},
 primaryClass = {astro-ph.HE},
       adsurl = {https://ui.adsabs.harvard.edu/abs/2022arXiv220505008G},
      adsnote = {Provided by the SAO/NASA Astrophysics Data System}
}




@ARTICLE{He2011ApJ...733...22H,
       author = {{He}, Hao-Ning and {Wu}, Xue-Feng and {Toma}, Kenji and {Wang}, Xiang-Yu and {M{\'e}sz{\'a}ros}, Peter},
        title = "{On the High-energy Emission of the Short GRB 090510}",
      journal = {\apj},
     keywords = {gamma-ray burst: general, gamma-ray burst: individual: 090510, radiation mechanisms: non-thermal, Astrophysics - High Energy Astrophysical Phenomena},
         year = 2011,
        month = may,
       volume = {733},
       number = {1},
          eid = {22},
        pages = {22},
          doi = {10.1088/0004-637X/733/1/22},
archivePrefix = {arXiv},
       eprint = {1009.1432},
 primaryClass = {astro-ph.HE},
       adsurl = {https://ui.adsabs.harvard.edu/abs/2011ApJ...733...22H},
      adsnote = {Provided by the SAO/NASA Astrophysics Data System}
}

@ARTICLE{Ajello2018ApJ...861...85A,
       author = {{Ajello}, M. and {Allafort}, A. and {Axelsson}, M. and {Baldini}, L. and {Barbiellini}, G. and {Baring}, M.~G. and {Bastieri}, D. and {Bellazzini}, R. and {Berenji}, B. and {Bissaldi}, E. and {Blandford}, R.~D. and {Bloom}, E.~D. and {Bonino}, R. and {Bottacini}, E. and {Brandt}, T.~J. and {Bregeon}, J. and {Bruel}, P. and {Buehler}, R. and {Burnett}, T.~H. and {Buson}, S. and {Cameron}, R.~A. and {Caputo}, R. and {Caraveo}, P.~A. and {Casandjian}, J.~M. and {Cavazzuti}, E. and {Chekhtman}, A. and {Cheung}, C.~C. and {Chiang}, J. and {Chiaro}, G. and {Ciprini}, S. and {Cohen-Tanugi}, J. and {Cominsky}, L.~R. and {Costantin}, D. and {Cuoco}, A. and {Cutini}, S. and {D'Ammando}, F. and {de Palma}, F. and {Di Lalla}, N. and {Di Mauro}, M. and {Di Venere}, L. and {Dubois}, R. and {Dumora}, D. and {Favuzzi}, C. and {Ferrara}, E.~C. and {Franckowiak}, A. and {Fukazawa}, Y. and {Funk}, S. and {Fusco}, P. and {Gargano}, F. and {Gasparrini}, D. and {Giglietto}, N. and {Gill}, R. and {Giordano}, F. and {Giroletti}, M. and {Glanzman}, T. and {Granot}, J. and {Green}, D. and {Grenier}, I.~A. and {Grondin}, M. -H. and {Guillemot}, L. and {Guiriec}, S. and {Harding}, A.~K. and {Hays}, E. and {Horan}, D. and {Imazato}, F. and {J{\'o}hannesson}, G. and {Kamae}, T. and {Kensei}, S. and {Kocevski}, D. and {Kuss}, M. and {La Mura}, G. and {Larsson}, S. and {Latronico}, L. and {Li}, J. and {Longo}, F. and {Loparco}, F. and {Lovellette}, M.~N. and {Lubrano}, P. and {Magill}, J.~D. and {Maldera}, S. and {Manfreda}, A. and {Mazziotta}, M.~N. and {Michelson}, P.~F. and {Mizuno}, T. and {Moiseev}, A.~A. and {Monzani}, M.~E. and {Moretti}, E. and {Morselli}, A. and {Moskalenko}, I.~V. and {Negro}, M. and {Nuss}, E. and {Ojha}, R. and {Omodei}, N. and {Orlando}, E. and {Ormes}, J.~F. and {Palatiello}, M. and {Paliya}, V.~S. and {Paneque}, D. and {Persic}, M. and {Pesce-Rollins}, M. and {Petrosian}, V. and {Piron}, F. and {Porter}, T.~A. and {Principe}, G. and {Racusin}, J.~L. and {Rain{\`o}}, S. and {Rando}, R. and {Razzano}, M. and {Razzaque}, S. and {Reimer}, A. and {Reimer}, O. and {Ritz}, S. and {Rochester}, L.~S. and {Ryde}, F. and {Saz Parkinson}, P.~M. and {Sgr{\`o}}, C. and {Siskind}, E.~J. and {Spada}, F. and {Spandre}, G. and {Spinelli}, P. and {Suson}, D.~J. and {Tajima}, H. and {Takahashi}, M. and {Tak}, D. and {Thayer}, J.~G. and {Thayer}, J.~B. and {Torres}, D.~F. and {Torresi}, E. and {Tosti}, G. and {Troja}, E. and {Valverde}, J. and {Venters}, T.~M. and {Vianello}, G. and {Wood}, K. and {Yang}, C. and {Zaharijas}, G.},
        title = "{Fermi-LAT Observations of LIGO/Virgo Event GW170817}",
      journal = {\apj},
     keywords = {gamma-ray burst: general, gamma rays: general, gravitational waves},
         year = 2018,
        month = jul,
       volume = {861},
       number = {2},
          eid = {85},
        pages = {85},
          doi = {10.3847/1538-4357/aac515},
       adsurl = {https://ui.adsabs.harvard.edu/abs/2018ApJ...861...85A},
      adsnote = {Provided by the SAO/NASA Astrophysics Data System}
}




@ARTICLE{Liu2013ApJ...773L..20L,
       author = {{Liu}, Ruo-Yu and {Wang}, Xiang-Yu and {Wu}, Xue-Feng},
        title = "{Interpretation of the Unprecedentedly Long-lived High-energy Emission of GRB 130427A}",
      journal = {\apjl},
     keywords = {gamma-ray burst: individual: GRB 130427A, radiation mechanisms: non-thermal, Astrophysics - High Energy Astrophysical Phenomena},
         year = 2013,
        month = aug,
       volume = {773},
       number = {2},
          eid = {L20},
        pages = {L20},
          doi = {10.1088/2041-8205/773/2/L20},
archivePrefix = {arXiv},
       eprint = {1306.5207},
 primaryClass = {astro-ph.HE},
       adsurl = {https://ui.adsabs.harvard.edu/abs/2013ApJ...773L..20L},
      adsnote = {Provided by the SAO/NASA Astrophysics Data System}
}

@ARTICLE{Piran2010ApJ...718L..63P,
       author = {{Piran}, Tsvi and {Nakar}, Ehud},
        title = "{On the External Shock Synchrotron Model for Gamma-ray Bursts' GeV Emission}",
      journal = {\apjl},
     keywords = {gamma-ray burst: general, Astrophysics - High Energy Astrophysical Phenomena},
         year = 2010,
        month = aug,
       volume = {718},
       number = {2},
        pages = {L63-L67},
          doi = {10.1088/2041-8205/718/2/L63},
archivePrefix = {arXiv},
       eprint = {1003.5919},
 primaryClass = {astro-ph.HE},
       adsurl = {https://ui.adsabs.harvard.edu/abs/2010ApJ...718L..63P},
      adsnote = {Provided by the SAO/NASA Astrophysics Data System}
}


@ARTICLE{Duran2011MNRAS.412..522B,
       author = {{Barniol Duran}, R. and {Kumar}, P.},
        title = "{Implications of electron acceleration for high-energy radiation from gamma-ray bursts}",
      journal = {\mnras},
     keywords = {radiation mechanisms: non-thermal, methods: analytical, gamma-ray burst: general, Astrophysics - High Energy Astrophysical Phenomena},
         year = 2011,
        month = mar,
       volume = {412},
       number = {1},
        pages = {522-528},
          doi = {10.1111/j.1365-2966.2010.17927.x},
archivePrefix = {arXiv},
       eprint = {1003.5916},
 primaryClass = {astro-ph.HE},
       adsurl = {https://ui.adsabs.harvard.edu/abs/2011MNRAS.412..522B},
      adsnote = {Provided by the SAO/NASA Astrophysics Data System}
}

@ARTICLE{Sagi2012ApJ...749...80S,
       author = {{Sagi}, Eran and {Nakar}, Ehud},
        title = "{On Particle Acceleration Rate in Gamma-Ray Burst Afterglows}",
      journal = {\apj},
     keywords = {acceleration of particles, gamma-ray burst: general, shock waves, Astrophysics - High Energy Astrophysical Phenomena},
         year = 2012,
        month = apr,
       volume = {749},
       number = {1},
          eid = {80},
        pages = {80},
          doi = {10.1088/0004-637X/749/1/80},
archivePrefix = {arXiv},
       eprint = {1201.5124},
 primaryClass = {astro-ph.HE},
       adsurl = {https://ui.adsabs.harvard.edu/abs/2012ApJ...749...80S},
      adsnote = {Provided by the SAO/NASA Astrophysics Data System}
}

@ARTICLE{Wang2019ApJ...884..117W,
       author = {{Wang}, Xiang-Yu and {Liu}, Ruo-Yu and {Zhang}, Hai-Ming and {Xi}, Shao-Qiang and {Zhang}, Bing},
        title = "{Synchrotron Self-Compton Emission from External Shocks as the Origin of the Sub-TeV Emission in GRB 180720B and GRB 190114C}",
      journal = {\apj},
     keywords = {gamma-ray burst: general, Astrophysics - High Energy Astrophysical Phenomena},
         year = 2019,
        month = oct,
       volume = {884},
       number = {2},
          eid = {117},
        pages = {117},
          doi = {10.3847/1538-4357/ab426c},
archivePrefix = {arXiv},
       eprint = {1905.11312},
 primaryClass = {astro-ph.HE},
       adsurl = {https://ui.adsabs.harvard.edu/abs/2019ApJ...884..117W},
      adsnote = {Provided by the SAO/NASA Astrophysics Data System}
}

@ARTICLE{Derishev2021ApJ...923..135D,
       author = {{Derishev}, Evgeny and {Piran}, Tsvi},
        title = "{GRB Afterglow Parameters in the Era of TeV Observations: The Case of GRB 190114C}",
      journal = {\apj},
     keywords = {629, Astrophysics - High Energy Astrophysical Phenomena},
         year = 2021,
        month = dec,
       volume = {923},
       number = {2},
          eid = {135},
        pages = {135},
          doi = {10.3847/1538-4357/ac2dec},
archivePrefix = {arXiv},
       eprint = {2106.12035},
 primaryClass = {astro-ph.HE},
       adsurl = {https://ui.adsabs.harvard.edu/abs/2021ApJ...923..135D},
      adsnote = {Provided by the SAO/NASA Astrophysics Data System}
}

@ARTICLE{Hurley1994Natur.372..652H,
       author = {{Hurley}, K. and {Dingus}, B.~L. and {Mukherjee}, R. and {Sreekumar}, P. and {Kouveliotou}, C. and {Meegan}, C. and {Fishman}, G.~J. and {Band}, D. and {Ford}, L. and {Bertsch}, D. and {Cline}, T. and {Fichtel}, C. and {Hartman}, R. and {Hunter}, S. and {Thompson}, D.~J. and {Kanbach}, G. and {Mayer-Hasselwander}, H. and {von Montigny}, C. and {Sommer}, M. and {Lin}, Y. and {Nolan}, P. and {Michelson}, P. and {Kniffen}, D. and {Mattox}, J. and {Schneid}, E. and {Boer}, M. and {Niel}, M.},
        title = "{Detection of a {\ensuremath{\gamma}}-ray burst of very long duration and very high energy}",
      journal = {\nat},
         year = 1994,
        month = dec,
       volume = {372},
       number = {6507},
        pages = {652-654},
          doi = {10.1038/372652a0},
       adsurl = {https://ui.adsabs.harvard.edu/abs/1994Natur.372..652H},
      adsnote = {Provided by the SAO/NASA Astrophysics Data System}
}

@ARTICLE{ZhangApJ...559..110Z,
       author = {{Zhang}, Bing and {M{\'e}sz{\'a}ros}, Peter},
        title = "{High-Energy Spectral Components in Gamma-Ray Burst Afterglows}",
      journal = {\apj},
     keywords = {Gamma Rays: Bursts, Gamma Rays: Theory, Radiation Mechanisms: Nonthermal, Astrophysics},
         year = 2001,
        month = sep,
       volume = {559},
       number = {1},
        pages = {110-122},
          doi = {10.1086/322400},
archivePrefix = {arXiv},
       eprint = {astro-ph/0103229},
 primaryClass = {astro-ph},
       adsurl = {https://ui.adsabs.harvard.edu/abs/2001ApJ...559..110Z},
      adsnote = {Provided by the SAO/NASA Astrophysics Data System}
}
@ARTICLE{2021GCN.31202....1D,
       author = {{D'Ai}, A. and {Ambrosi}, E. and {D'Elia}, V. and {Gropp}, J.~D. and {Kennea}, J.~A. and {Kuin}, N.~P.~M. and {Lien}, A.~Y. and {Marshall}, F.~E. and {Page}, K.~L. and {Palmer}, D.~M. and {Parsotan}, T.~M. and {Sbarufatti}, B. and {Neil Gehrels Swift Observatory Team}},
        title = "{GRB 211211A: Swift detection of a bright burst}",
      journal = {GRB Coordinates Network},
         year = 2021,
        month = dec,
       volume = {31202},
        pages = {1},
       adsurl = {https://ui.adsabs.harvard.edu/abs/2021GCN.31202....1D},
      adsnote = {Provided by the SAO/NASA Astrophysics Data System}
}

@ARTICLE{2009ApJ...702..791M,
       author = {{Meegan}, Charles and {Lichti}, Giselher and {Bhat}, P.~N. and {Bissaldi}, Elisabetta and {Briggs}, Michael S. and {Connaughton}, Valerie and {Diehl}, Roland and {Fishman}, Gerald and {Greiner}, Jochen and {Hoover}, Andrew S. and {van der Horst}, Alexander J. and {von Kienlin}, Andreas and {Kippen}, R. Marc and {Kouveliotou}, Chryssa and {McBreen}, Sheila and {Paciesas}, W.~S. and {Preece}, Robert and {Steinle}, Helmut and {Wallace}, Mark S. and {Wilson}, Robert B. and {Wilson-Hodge}, Colleen},
        title = "{The Fermi Gamma-ray Burst Monitor}",
      journal = {\apj},
     keywords = {gamma rays: bursts, instrumentation: detectors, Astrophysics - Instrumentation and Methods for Astrophysics},
         year = 2009,
        month = sep,
       volume = {702},
       number = {1},
        pages = {791-804},
          doi = {10.1088/0004-637X/702/1/791},
archivePrefix = {arXiv},
       eprint = {0908.0450},
 primaryClass = {astro-ph.IM},
       adsurl = {https://ui.adsabs.harvard.edu/abs/2009ApJ...702..791M},
      adsnote = {Provided by the SAO/NASA Astrophysics Data System}
}

@ARTICLE{Holcomb2014ApJ...790L...3H,
       author = {{Holcomb}, Cole and {Ramirez-Ruiz}, Enrico and {De Colle}, Fabio and {Montes}, Gabriela},
        title = "{Diversity of Short Gamma-Ray Burst Afterglows from Compact Binary Mergers Hosting Pulsars}",
      journal = {\apjl},
     keywords = {binaries: close, gamma-ray burst: general, pulsars: general, stars: magnetars, Astrophysics - High Energy Astrophysical Phenomena},
         year = 2014,
        month = jul,
       volume = {790},
       number = {1},
          eid = {L3},
        pages = {L3},
          doi = {10.1088/2041-8205/790/1/L3},
archivePrefix = {arXiv},
       eprint = {1405.0010},
 primaryClass = {astro-ph.HE},
       adsurl = {https://ui.adsabs.harvard.edu/abs/2014ApJ...790L...3H},
      adsnote = {Provided by the SAO/NASA Astrophysics Data System}
}

@ARTICLE{Wang2013ApJ...771L..33W,
       author = {{Wang}, Xiang-Yu and {Liu}, Ruo-Yu and {Lemoine}, Martin},
        title = "{On the Origin of > 10 GeV Photons in Gamma-Ray Burst Afterglows}",
      journal = {\apjl},
     keywords = {gamma-ray burst: general, Astrophysics - High Energy Astrophysical Phenomena},
         year = 2013,
        month = jul,
       volume = {771},
       number = {2},
          eid = {L33},
        pages = {L33},
          doi = {10.1088/2041-8205/771/2/L33},
archivePrefix = {arXiv},
       eprint = {1305.1494},
 primaryClass = {astro-ph.HE},
       adsurl = {https://ui.adsabs.harvard.edu/abs/2013ApJ...771L..33W},
      adsnote = {Provided by the SAO/NASA Astrophysics Data System}
}

@ARTICLE{2007A&A...469..379E,
       author = {{Evans}, P.~A. and {Beardmore}, A.~P. and {Page}, K.~L. and {Tyler}, L.~G. and {Osborne}, J.~P. and {Goad}, M.~R. and {O'Brien}, P.~T. and {Vetere}, L. and {Racusin}, J. and {Morris}, D. and {Burrows}, D.~N. and {Capalbi}, M. and {Perri}, M. and {Gehrels}, N. and {Romano}, P.},
        title = "{An online repository of Swift/XRT light curves of {\ensuremath{\gamma}}-ray bursts}",
      journal = {\aap},
     keywords = {gamma rays: bursts, gamma rays: observations, methods: data analysis, catalogs, Astrophysics},
         year = 2007,
        month = jul,
       volume = {469},
       number = {1},
        pages = {379-385},
          doi = {10.1051/0004-6361:20077530},
archivePrefix = {arXiv},
       eprint = {0704.0128},
 primaryClass = {astro-ph},
       adsurl = {https://ui.adsabs.harvard.edu/abs/2007A&A...469..379E},
      adsnote = {Provided by the SAO/NASA Astrophysics Data System}
}

@ARTICLE{2009MNRAS.397.1177E,
       author = {{Evans}, P.~A. and {Beardmore}, A.~P. and {Page}, K.~L. and {Osborne}, J.~P. and {O'Brien}, P.~T. and {Willingale}, R. and {Starling}, R.~L.~C. and {Burrows}, D.~N. and {Godet}, O. and {Vetere}, L. and {Racusin}, J. and {Goad}, M.~R. and {Wiersema}, K. and {Angelini}, L. and {Capalbi}, M. and {Chincarini}, G. and {Gehrels}, N. and {Kennea}, J.~A. and {Margutti}, R. and {Morris}, D.~C. and {Mountford}, C.~J. and {Pagani}, C. and {Perri}, M. and {Romano}, P. and {Tanvir}, N.},
        title = "{Methods and results of an automatic analysis of a complete sample of Swift-XRT observations of GRBs}",
      journal = {\mnras},
     keywords = {methods: data analysis, catalogues, gamma-rays: bursts, Astrophysics},
         year = 2009,
        month = aug,
       volume = {397},
       number = {3},
        pages = {1177-1201},
          doi = {10.1111/j.1365-2966.2009.14913.x},
archivePrefix = {arXiv},
       eprint = {0812.3662},
 primaryClass = {astro-ph},
       adsurl = {https://ui.adsabs.harvard.edu/abs/2009MNRAS.397.1177E},
      adsnote = {Provided by the SAO/NASA Astrophysics Data System}
}

@ARTICLE{2005SSRv..120..143B,
       author = {{Barthelmy}, Scott D. and {Barbier}, Louis M. and {Cummings}, Jay R. and {Fenimore}, Ed E. and {Gehrels}, Neil and {Hullinger}, Derek and {Krimm}, Hans A. and {Markwardt}, Craig B. and {Palmer}, David M. and {Parsons}, Ann and {Sato}, Goro and {Suzuki}, Masaya and {Takahashi}, Tadayuki and {Tashiro}, Makota and {Tueller}, Jack},
        title = "{The Burst Alert Telescope (BAT) on the SWIFT Midex Mission}",
      journal = {\ssr},
     keywords = {gamma-ray, GRB, hard X-ray, survey, burst, afterglow, CZT, coded aperture, astrophysics, cosmology, Astrophysics},
         year = 2005,
        month = oct,
       volume = {120},
       number = {3-4},
        pages = {143-164},
          doi = {10.1007/s11214-005-5096-3},
archivePrefix = {arXiv},
       eprint = {astro-ph/0507410},
 primaryClass = {astro-ph},
       adsurl = {https://ui.adsabs.harvard.edu/abs/2005SSRv..120..143B},
      adsnote = {Provided by the SAO/NASA Astrophysics Data System}
}
@ARTICLE{2013ApJS..209...11A,
       author = {{Ackermann}, M. and {Ajello}, M. and {Asano}, K. and {Axelsson}, M. and {Baldini}, L. and {Ballet}, J. and {Barbiellini}, G. and {Bastieri}, D. and {Bechtol}, K. and {Bellazzini}, R. and {Bhat}, P.~N. and {Bissaldi}, E. and {Bloom}, E.~D. and {Bonamente}, E. and {Bonnell}, J. and {Bouvier}, A. and {Brandt}, T.~J. and {Bregeon}, J. and {Brigida}, M. and {Bruel}, P. and {Buehler}, R. and {Burgess}, J. Michael and {Buson}, S. and {Byrne}, D. and {Caliandro}, G.~A. and {Cameron}, R.~A. and {Caraveo}, P.~A. and {Cecchi}, C. and {Charles}, E. and {Chaves}, R.~C.~G. and {Chekhtman}, A. and {Chiang}, J. and {Chiaro}, G. and {Ciprini}, S. and {Claus}, R. and {Cohen-Tanugi}, J. and {Connaughton}, V. and {Conrad}, J. and {Cutini}, S. and {D'Ammando}, F. and {de Angelis}, A. and {de Palma}, F. and {Dermer}, C.~D. and {Desiante}, R. and {Digel}, S.~W. and {Dingus}, B.~L. and {Di Venere}, L. and {Drell}, P.~S. and {Drlica-Wagner}, A. and {Dubois}, R. and {Favuzzi}, C. and {Ferrara}, E.~C. and {Fitzpatrick}, G. and {Foley}, S. and {Franckowiak}, A. and {Fukazawa}, Y. and {Fusco}, P. and {Gargano}, F. and {Gasparrini}, D. and {Gehrels}, N. and {Germani}, S. and {Giglietto}, N. and {Giommi}, P. and {Giordano}, F. and {Giroletti}, M. and {Glanzman}, T. and {Godfrey}, G. and {Goldstein}, A. and {Granot}, J. and {Grenier}, I.~A. and {Grove}, J.~E. and {Gruber}, D. and {Guiriec}, S. and {Hadasch}, D. and {Hanabata}, Y. and {Hayashida}, M. and {Horan}, D. and {Hou}, X. and {Hughes}, R.~E. and {Inoue}, Y. and {Jackson}, M.~S. and {Jogler}, T. and {J{\'o}hannesson}, G. and {Johnson}, A.~S. and {Johnson}, W.~N. and {Kamae}, T. and {Kataoka}, J. and {Kawano}, T. and {Kippen}, R.~M. and {Kn{\"o}dlseder}, J. and {Kocevski}, D. and {Kouveliotou}, C. and {Kuss}, M. and {Lande}, J. and {Larsson}, S. and {Latronico}, L. and {Lee}, S. -H. and {Longo}, F. and {Loparco}, F. and {Lovellette}, M.~N. and {Lubrano}, P. and {Massaro}, F. and {Mayer}, M. and {Mazziotta}, M.~N. and {McBreen}, S. and {McEnery}, J.~E. and {McGlynn}, S. and {Michelson}, P.~F. and {Mizuno}, T. and {Moiseev}, A.~A. and {Monte}, C. and {Monzani}, M.~E. and {Moretti}, E. and {Morselli}, A. and {Murgia}, S. and {Nemmen}, R. and {Nuss}, E. and {Nymark}, T. and {Ohno}, M. and {Ohsugi}, T. and {Omodei}, N. and {Orienti}, M. and {Orlando}, E. and {Paciesas}, W.~S. and {Paneque}, D. and {Panetta}, J.~H. and {Pelassa}, V. and {Perkins}, J.~S. and {Pesce-Rollins}, M. and {Piron}, F. and {Pivato}, G. and {Porter}, T.~A. and {Preece}, R. and {Racusin}, J.~L. and {Rain{\`o}}, S. and {Rando}, R. and {Rau}, A. and {Razzano}, M. and {Razzaque}, S. and {Reimer}, A. and {Reimer}, O. and {Reposeur}, T. and {Ritz}, S. and {Romoli}, C. and {Roth}, M. and {Ryde}, F. and {Saz Parkinson}, P.~M. and {Schalk}, T.~L. and {Sgr{\`o}}, C. and {Siskind}, E.~J. and {Sonbas}, E. and {Spandre}, G. and {Spinelli}, P. and {Suson}, D.~J. and {Tajima}, H. and {Takahashi}, H. and {Takeuchi}, Y. and {Tanaka}, Y. and {Thayer}, J.~G. and {Thayer}, J.~B. and {Thompson}, D.~J. and {Tibaldo}, L. and {Tierney}, D. and {Tinivella}, M. and {Torres}, D.~F. and {Tosti}, G. and {Troja}, E. and {Tronconi}, V. and {Usher}, T.~L. and {Vandenbroucke}, J. and {van der Horst}, A.~J. and {Vasileiou}, V. and {Vianello}, G. and {Vitale}, V. and {von Kienlin}, A. and {Winer}, B.~L. and {Wood}, K.~S. and {Wood}, M. and {Xiong}, S. and {Yang}, Z.},
        title = "{The First Fermi-LAT Gamma-Ray Burst Catalog}",
      journal = {\apjs},
     keywords = {catalogs, gamma-ray burst: general, methods: data analysis, Astrophysics - High Energy Astrophysical Phenomena},
         year = 2013,
        month = nov,
       volume = {209},
       number = {1},
          eid = {11},
        pages = {11},
          doi = {10.1088/0067-0049/209/1/11},
archivePrefix = {arXiv},
       eprint = {1303.2908},
 primaryClass = {astro-ph.HE},
       adsurl = {https://ui.adsabs.harvard.edu/abs/2013ApJS..209...11A},
      adsnote = {Provided by the SAO/NASA Astrophysics Data System}
}



@ARTICLE{2007ApJ...665..599T,
       author = {{Troja}, E. and {Cusumano}, G. and {O'Brien}, P.~T. and {Zhang}, B. and {Sbarufatti}, B. and {Mangano}, V. and {Willingale}, R. and {Chincarini}, G. and {Osborne}, J.~P. and {Marshall}, F.~E. and {Burrows}, D.~N. and {Campana}, S. and {Gehrels}, N. and {Guidorzi}, C. and {Krimm}, H.~A. and {La Parola}, V. and {Liang}, E.~W. and {Mineo}, T. and {Moretti}, A. and {Page}, K.~L. and {Romano}, P. and {Tagliaferri}, G. and {Zhang}, B.~B. and {Page}, M.~J. and {Schady}, P.},
        title = "{Swift Observations of GRB 070110: An Extraordinary X-Ray Afterglow Powered by the Central Engine}",
      journal = {\apj},
     keywords = {Gamma Rays: Bursts, X-rays: individual (GRB 070110), Astrophysics},
         year = 2007,
        month = aug,
       volume = {665},
       number = {1},
        pages = {599-607},
          doi = {10.1086/519450},
archivePrefix = {arXiv},
       eprint = {astro-ph/0702220},
 primaryClass = {astro-ph},
       adsurl = {https://ui.adsabs.harvard.edu/abs/2007ApJ...665..599T},
      adsnote = {Provided by the SAO/NASA Astrophysics Data System}
}

@ARTICLE{2021GCN.31212....1O,
       author = {{Osborne}, J.~P. and {Page}, K.~L. and {Ambrosi}, E. and {Capalbi}, M. and {Perri}, M. and {Burrows}, D.~N. and {Gropp}, J.~D. and {Kennea}, J.~A. and {Beardmore}, A.~P. and {D'Ai}, A. and {Swift-XRT Team}},
        title = "{GRB 211211A: Swift-XRT refined Analysis}",
      journal = {GRB Coordinates Network},
         year = 2021,
        month = dec,
       volume = {31212},
        pages = {1},
       adsurl = {https://ui.adsabs.harvard.edu/abs/2021GCN.31212....1O},
      adsnote = {Provided by the SAO/NASA Astrophysics Data System}
}



@ARTICLE{2020ApJS..247...33A,
       author = {{Abdollahi}, S. and {Acero}, F. and {Ackermann}, M. and {Ajello}, M. and {Atwood}, W.~B. and {Axelsson}, M. and {Baldini}, L. and {Ballet}, J. and {Barbiellini}, G. and {Bastieri}, D. and {Becerra Gonzalez}, J. and {Bellazzini}, R. and {Berretta}, A. and {Bissaldi}, E. and {Blandford}, R.~D. and {Bloom}, E.~D. and {Bonino}, R. and {Bottacini}, E. and {Brandt}, T.~J. and {Bregeon}, J. and {Bruel}, P. and {Buehler}, R. and {Burnett}, T.~H. and {Buson}, S. and {Cameron}, R.~A. and {Caputo}, R. and {Caraveo}, P.~A. and {Casandjian}, J.~M. and {Castro}, D. and {Cavazzuti}, E. and {Charles}, E. and {Chaty}, S. and {Chen}, S. and {Cheung}, C.~C. and {Chiaro}, G. and {Ciprini}, S. and {Cohen-Tanugi}, J. and {Cominsky}, L.~R. and {Coronado-Bl{\'a}zquez}, J. and {Costantin}, D. and {Cuoco}, A. and {Cutini}, S. and {D'Ammando}, F. and {DeKlotz}, M. and {de la Torre Luque}, P. and {de Palma}, F. and {Desai}, A. and {Digel}, S.~W. and {Di Lalla}, N. and {Di Mauro}, M. and {Di Venere}, L. and {Dom{\'\i}nguez}, A. and {Dumora}, D. and {Fana Dirirsa}, F. and {Fegan}, S.~J. and {Ferrara}, E.~C. and {Franckowiak}, A. and {Fukazawa}, Y. and {Funk}, S. and {Fusco}, P. and {Gargano}, F. and {Gasparrini}, D. and {Giglietto}, N. and {Giommi}, P. and {Giordano}, F. and {Giroletti}, M. and {Glanzman}, T. and {Green}, D. and {Grenier}, I.~A. and {Griffin}, S. and {Grondin}, M. -H. and {Grove}, J.~E. and {Guiriec}, S. and {Harding}, A.~K. and {Hayashi}, K. and {Hays}, E. and {Hewitt}, J.~W. and {Horan}, D. and {J{\'o}hannesson}, G. and {Johnson}, T.~J. and {Kamae}, T. and {Kerr}, M. and {Kocevski}, D. and {Kovac'evic'}, M. and {Kuss}, M. and {Landriu}, D. and {Larsson}, S. and {Latronico}, L. and {Lemoine-Goumard}, M. and {Li}, J. and {Liodakis}, I. and {Longo}, F. and {Loparco}, F. and {Lott}, B. and {Lovellette}, M.~N. and {Lubrano}, P. and {Madejski}, G.~M. and {Maldera}, S. and {Malyshev}, D. and {Manfreda}, A. and {Marchesini}, E.~J. and {Marcotulli}, L. and {Mart{\'\i}-Devesa}, G. and {Martin}, P. and {Massaro}, F. and {Mazziotta}, M.~N. and {McEnery}, J.~E. and {Mereu}, I. and {Meyer}, M. and {Michelson}, P.~F. and {Mirabal}, N. and {Mizuno}, T. and {Monzani}, M.~E. and {Morselli}, A. and {Moskalenko}, I.~V. and {Negro}, M. and {Nuss}, E. and {Ojha}, R. and {Omodei}, N. and {Orienti}, M. and {Orlando}, E. and {Ormes}, J.~F. and {Palatiello}, M. and {Paliya}, V.~S. and {Paneque}, D. and {Pei}, Z. and {Pe{\~n}a-Herazo}, H. and {Perkins}, J.~S. and {Persic}, M. and {Pesce-Rollins}, M. and {Petrosian}, V. and {Petrov}, L. and {Piron}, F. and {Poon}, H. and {Porter}, T.~A. and {Principe}, G. and {Rain{\`o}}, S. and {Rando}, R. and {Razzano}, M. and {Razzaque}, S. and {Reimer}, A. and {Reimer}, O. and {Remy}, Q. and {Reposeur}, T. and {Romani}, R.~W. and {Saz Parkinson}, P.~M. and {Schinzel}, F.~K. and {Serini}, D. and {Sgr{\`o}}, C. and {Siskind}, E.~J. and {Smith}, D.~A. and {Spandre}, G. and {Spinelli}, P. and {Strong}, A.~W. and {Suson}, D.~J. and {Tajima}, H. and {Takahashi}, M.~N. and {Tak}, D. and {Thayer}, J.~B. and {Thompson}, D.~J. and {Tibaldo}, L. and {Torres}, D.~F. and {Torresi}, E. and {Valverde}, J. and {Van Klaveren}, B. and {van Zyl}, P. and {Wood}, K. and {Yassine}, M. and {Zaharijas}, G.},
        title = "{Fermi Large Area Telescope Fourth Source Catalog}",
      journal = {\apjs},
     keywords = {205, 628, 1464, Astrophysics - High Energy Astrophysical Phenomena},
         year = 2020,
        month = mar,
       volume = {247},
       number = {1},
          eid = {33},
        pages = {33},
          doi = {10.3847/1538-4365/ab6bcb},
archivePrefix = {arXiv},
       eprint = {1902.10045},
 primaryClass = {astro-ph.HE},
       adsurl = {https://ui.adsabs.harvard.edu/abs/2020ApJS..247...33A},
      adsnote = {Provided by the SAO/NASA Astrophysics Data System}
}


@ARTICLE{Dermer2000ApJ...537..785D,
       author = {{Dermer}, Charles D. and {Chiang}, James and {Mitman}, Kurt E.},
        title = "{Beaming, Baryon Loading, and the Synchrotron Self-Compton Component in Gamma-Ray Bursts}",
      journal = {\apj},
     keywords = {Gamma Rays: Bursts, Gamma Rays: Theory, Radiation Mechanisms: Nonthermal, Astrophysics},
         year = 2000,
        month = jul,
       volume = {537},
       number = {2},
        pages = {785-795},
          doi = {10.1086/309061},
archivePrefix = {arXiv},
       eprint = {astro-ph/9910240},
 primaryClass = {astro-ph},
       adsurl = {https://ui.adsabs.harvard.edu/abs/2000ApJ...537..785D},
      adsnote = {Provided by the SAO/NASA Astrophysics Data System}
}


@ARTICLE{GCN31210....1M,
       author = {{Mangan}, J. and {Dunwoody}, R. and {Meegan}, C. and {Fermi GBM Team}},
        title = "{GRB 211211A: Fermi GBM observation}",
      journal = {GRB Coordinates Network},
         year = 2021,
        month = dec,
       volume = {31210},
        pages = {1},
       adsurl = {https://ui.adsabs.harvard.edu/abs/2021GCN.31210....1M},
      adsnote = {Provided by the SAO/NASA Astrophysics Data System}
}


@ARTICLE{2021NatAs...5..385F,
       author = {{Fermi-LAT Collaboration} and {Ajello}, M. and {Atwood}, W.~B. and {Axelsson}, M. and {Baldini}, L. and {Barbiellini}, G. and {Baring}, M.~G. and {Bastieri}, D. and {Bellazzini}, R. and {Berretta}, A. and {Bissaldi}, E. and {Blandford}, R.~D. and {Bonino}, R. and {Bregeon}, J. and {Bruel}, P. and {Buehler}, R. and {Burns}, E. and {Buson}, S. and {Cameron}, R.~A. and {Caraveo}, P.~A. and {Cavazzuti}, E. and {Chen}, S. and {Cheung}, C.~C. and {Chiaro}, G. and {Ciprini}, S. and {Costantin}, D. and {Crnogorcevic}, M. and {Cutini}, S. and {D'Ammando}, F. and {de la Torre Luque}, P. and {de Palma}, F. and {Digel}, S.~W. and {Di Lalla}, N. and {Di Venere}, L. and {Dirirsa}, F. Fana and {Fukazawa}, Y. and {Funk}, S. and {Fusco}, P. and {Gargano}, F. and {Giglietto}, N. and {Gill}, R. and {Giordano}, F. and {Giroletti}, M. and {Granot}, J. and {Green}, D. and {Grenier}, I.~A. and {Griffin}, S. and {Guiriec}, S. and {Hays}, E. and {Horan}, D. and {J{\'o}hannesson}, G. and {Kerr}, M. and {Kova{\v{c}}evi{\'c}}, M. and {Kuss}, M. and {Larsson}, S. and {Latronico}, L. and {Li}, J. and {Longo}, F. and {Loparco}, F. and {Lovellette}, M.~N. and {Lubrano}, P. and {Maldera}, S. and {Manfreda}, A. and {Mart{\'\i}-Devesa}, G. and {Mazziotta}, M.~N. and {McEnery}, J.~E. and {Mereu}, I. and {Michelson}, P.~F. and {Mizuno}, T. and {Monzani}, M.~E. and {Morselli}, A. and {Moskalenko}, I.~V. and {Negro}, M. and {Omodei}, N. and {Orienti}, M. and {Orlando}, E. and {Paliya}, V.~S. and {Paneque}, D. and {Pei}, Z. and {Pesce-Rollins}, M. and {Piron}, F. and {Poon}, H. and {Porter}, T.~A. and {Principe}, G. and {Racusin}, J.~L. and {Rain{\`o}}, S. and {Rando}, R. and {Rani}, B. and {Razzaque}, S. and {Reimer}, A. and {Reimer}, O. and {Parkinson}, P.~M. Saz and {Scargle}, J.~D. and {Scotton}, L. and {Serini}, D. and {Sgr{\`o}}, C. and {Siskind}, E.~J. and {Spandre}, G. and {Spinelli}, P. and {Tajima}, H. and {Takahashi}, M.~N. and {Tak}, D. and {Torres}, D.~F. and {Tosti}, G. and {Troja}, E. and {Wadiasingh}, Z. and {Wood}, K. and {Yassine}, M. and {Yusafzai}, A. and {Zaharijas}, G.},
        title = "{High-energy emission from a magnetar giant flare in the Sculptor galaxy}",
      journal = {Nature Astronomy},
         year = 2021,
        month = apr,
       volume = {5},
        pages = {385-391},
          doi = {10.1038/s41550-020-01287-8},
       adsurl = {https://ui.adsabs.harvard.edu/abs/2021NatAs...5..385F},
      adsnote = {Provided by the SAO/NASA Astrophysics Data System}
}


@ARTICLE{Norris1984Natur.308..434N,
       author = {{Norris}, J.~P. and {Cline}, T.~L. and {Desai}, U.~D. and {Teegarden}, B.~J.},
        title = "{Frequency of fast, narrow {\ensuremath{\gamma}}-ray bursts}",
      journal = {\nat},
     keywords = {Gamma Ray Bursts, Spaceborne Astronomy, Temporal Distribution, Astronomical Spectroscopy, International Sun Earth Explorer 3, Venera Satellites, Space Radiation},
         year = 1984,
        month = mar,
       volume = {308},
       number = {5958},
        pages = {434-435},
          doi = {10.1038/308434a0},
       adsurl = {https://ui.adsabs.harvard.edu/abs/1984Natur.308..434N},
      adsnote = {Provided by the SAO/NASA Astrophysics Data System}
}

@ARTICLE{Galama1998Natur.395..670G,
       author = {{Galama}, T.~J. and {Vreeswijk}, P.~M. and {van Paradijs}, J. and {Kouveliotou}, C. and {Augusteijn}, T. and {B{\"o}hnhardt}, H. and {Brewer}, J.~P. and {Doublier}, V. and {Gonzalez}, J. -F. and {Leibundgut}, B. and {Lidman}, C. and {Hainaut}, O.~R. and {Patat}, F. and {Heise}, J. and {in't Zand}, J. and {Hurley}, K. and {Groot}, P.~J. and {Strom}, R.~G. and {Mazzali}, P.~A. and {Iwamoto}, K. and {Nomoto}, K. and {Umeda}, H. and {Nakamura}, T. and {Young}, T.~R. and {Suzuki}, T. and {Shigeyama}, T. and {Koshut}, T. and {Kippen}, M. and {Robinson}, C. and {de Wildt}, P. and {Wijers}, R.~A.~M.~J. and {Tanvir}, N. and {Greiner}, J. and {Pian}, E. and {Palazzi}, E. and {Frontera}, F. and {Masetti}, N. and {Nicastro}, L. and {Feroci}, M. and {Costa}, E. and {Piro}, L. and {Peterson}, B.~A. and {Tinney}, C. and {Boyle}, B. and {Cannon}, R. and {Stathakis}, R. and {Sadler}, E. and {Begam}, M.~C. and {Ianna}, P.},
        title = "{An unusual supernova in the error box of the {\ensuremath{\gamma}}-ray burst of 25 April 1998}",
      journal = {\nat},
     keywords = {Astrophysics},
         year = 1998,
        month = oct,
       volume = {395},
       number = {6703},
        pages = {670-672},
          doi = {10.1038/27150},
archivePrefix = {arXiv},
       eprint = {astro-ph/9806175},
 primaryClass = {astro-ph},
       adsurl = {https://ui.adsabs.harvard.edu/abs/1998Natur.395..670G},
      adsnote = {Provided by the SAO/NASA Astrophysics Data System}
}




@ARTICLE{Kouveliotou1993ApJ...413L.101K,
       author = {{Kouveliotou}, Chryssa and {Meegan}, Charles A. and {Fishman}, Gerald J. and {Bhat}, Narayana P. and {Briggs}, Michael S. and {Koshut}, Thomas M. and {Paciesas}, William S. and {Pendleton}, Geoffrey N.},
        title = "{Identification of Two Classes of Gamma-Ray Bursts}",
      journal = {\apjl},
     keywords = {Astronomical Catalogs, Gamma Ray Bursts, Gamma Ray Observatory, Frequency Distribution, Spatial Distribution, Transient Response, Space Radiation, GAMMA RAYS: BURSTS},
         year = 1993,
        month = aug,
       volume = {413},
        pages = {L101},
          doi = {10.1086/186969},
       adsurl = {https://ui.adsabs.harvard.edu/abs/1993ApJ...413L.101K},
      adsnote = {Provided by the SAO/NASA Astrophysics Data System}
}
