@ARTICLE{Nemiroff95greatdebategrb,
       author = {{Nemiroff}, Robert J.},
        title = "{The 75th Anniversary Astronomical Debate on the Distance Scale to Gamma-Ray Bursts: an Introduction}",
      journal = {\pasp},
         year = 1995,
        month = dec,
       volume = {107},
        pages = {1131},
          doi = {10.1086/133670},
       adsurl = {https://ui.adsabs.harvard.edu/abs/1995PASP..107.1131N},
      adsnote = {Provided by the SAO/NASA Astrophysics Data System}
}

@ARTICLE{Poolakkil+21GBMspeccat,
       author = {{Poolakkil}, S. and {Preece}, R. and {Fletcher}, C. and {Goldstein}, A. and {Bhat}, P.~N. and {Bissaldi}, E. and {Briggs}, M.~S. and {Burns}, E. and {Cleveland}, W.~H. and {Giles}, M.~M. and {Hui}, C.~M. and {Kocevski}, D. and {Lesage}, S. and {Mailyan}, B. and {Malacaria}, C. and {Paciesas}, W.~S. and {Roberts}, O.~J. and {Veres}, P. and {von Kienlin}, A. and {Wilson-Hodge}, C.~A.},
        title = "{The Fermi-GBM Gamma-Ray Burst Spectral Catalog: 10 yr of Data}",
      journal = {\apj},
     keywords = {Gamma-ray bursts, 629, Astrophysics - High Energy Astrophysical Phenomena},
         year = 2021,
        month = may,
       volume = {913},
       number = {1},
          eid = {60},
        pages = {60},
          doi = {10.3847/1538-4357/abf24d},
archivePrefix = {arXiv},
       eprint = {2103.13528},
 primaryClass = {astro-ph.HE},
       adsurl = {https://ui.adsabs.harvard.edu/abs/2021ApJ...913...60P},
      adsnote = {Provided by the SAO/NASA Astrophysics Data System}
}


@article{ravasio2024mega,
  title={A mega--electron volt emission line in the spectrum of a gamma-ray burst},
  author={Ravasio, Maria Edvige and Salafia, Om Sharan and Oganesyan, Gor and Mei, Alessio and Ghirlanda, Giancarlo and Ascenzi, Stefano and Banerjee, Biswajit and Macera, Samanta and Branchesi, Marica and Jonker, Peter G and others},
  journal={Science},
  volume={385},
  number={6707},
  pages={452--455},
  year={2024},
  publisher={American Association for the Advancement of Science}
}

@article{lesage2023fermi,
  title={Fermi-GBM discovery of GRB 221009A: An extraordinarily bright GRB from onset to afterglow},
  author={Lesage, S and Veres, P and Briggs, MS and Goldstein, A and Kocevski, D and Burns, E and Wilson-Hodge, CA and Bhat, PN and Huppenkothen, D and Fryer, CL and others},
  journal={The Astrophysical Journal Letters},
  volume={952},
  number={2},
  pages={L42},
  year={2023},
  publisher={IOP Publishing}
}

@article{zhang2024observation,
  title={Observation of spectral lines in the exceptional GRB 221009A},
  author={Zhang, Yan-Qiu and Xiong, Shao-Lin and Mao, Ji-Rong and Zhang, Shuang-Nan and Xue, Wang-Chen and Zheng, Chao and Liu, Jia-Cong and Zhang, Zhen and Wang, Xi-Lu and Ge, Ming-Yu and others},
  journal={Science China Physics, Mechanics \& Astronomy},
  volume={67},
  number={8},
  pages={1--20},
  year={2024},
  publisher={Springer}
}

@article{rutjes2017tgf,
  title={TGF afterglows: A new radiation mechanism from thunderstorms},
  author={Rutjes, C and Diniz, G and Ferreira, IS and Ebert, U},
  journal={Geophysical Research Letters},
  volume={44},
  number={20},
  pages={10--702},
  year={2017},
  publisher={Wiley Online Library}
}

@article{bowers2017gamma,
  title={Gamma ray signatures of neutrons from a terrestrial gamma ray flash},
  author={Bowers, Gregory S and Smith, David Miles and Martinez-McKinney, GF and Kamogawa, M and Cummer, SA and Dwyer, JR and Wang, D and Stock, M and Kawasaki, Z},
  journal={Geophysical Research Letters},
  volume={44},
  number={19},
  pages={10--063},
  year={2017},
  publisher={Wiley Online Library}
}

@article{palmer1994batse,
  title={BATSE gamma-ray burst line search. 1: Search for narrow lines in spectroscopy detector data},
  author={Palmer, David M and Teegarden, Bonnard J and Schaefer, Bradley E and Cline, Thomas L and Band, David L and Ford, Lyle A and Matteson, James L and Paciesas, William S and Pendleton, Geoffrey N and Briggs, Michael S and others},
  journal={Astrophysical Journal, Part 2-Letters (ISSN 0004-637X), vol. 433, no. 2, p. L77-L80},
  volume={433},
  pages={L77--L80},
  year={1994}
}

@article{band1994batse,
  title={BATSE Gamma-Ray Burst Line Search: II. Bayesian Consistency Methodology},
  author={Band, DL and Ford, LA and Matteson, JL and Briggs, M and Paciesas, W and Pendleton, G and Preece, R and Palmer, David and Teegarden, B and Schaefer, B},
  journal={arXiv preprint astro-ph/9405009},
  year={1994}
}

@ARTICLE{1994ApJ...434..560B,
       author = {{Band}, D.~L. and {Ford}, L.~A. and {Matteson}, J.~L. and {Briggs}, M. and {Paciesas}, W. and {Pendleton}, G. and {Preece}, R. and {Palmer}, D. and {Teegarden}, B. and {Schaefer}, B.},
        title = "{BATSE Gamma-Ray Burst Line Search. II. Bayesian Consistency Methodology}",
      journal = {\apj},
     keywords = {Absorption Spectra, Bayes Theorem, Gamma Ray Astronomy, Gamma Ray Bursts, Statistical Analysis, Gamma Ray Observatory, Gamma Ray Telescopes, Ginga Satellite, Heao 1, Likelihood Ratio, Astronomy, GAMMA RAYS: BURSTS, METHODS: STATISTICAL, Astrophysics},
         year = 1994,
        month = oct,
       volume = {434},
        pages = {560},
          doi = {10.1086/174759},
archivePrefix = {arXiv},
       eprint = {astro-ph/9405009},
 primaryClass = {astro-ph},
       adsurl = {https://ui.adsabs.harvard.edu/abs/1994ApJ...434..560B},
      adsnote = {Provided by the SAO/NASA Astrophysics Data System}
}

@ARTICLE{1994ApJ...433L..77P,
       author = {{Palmer}, David M. and {Teegarden}, Bonnard J. and {Schaefer}, Bradley E. and {Cline}, Thomas L. and {Band}, David L. and {Ford}, Lyle A. and {Matteson}, James L. and {Paciesas}, William S. and {Pendleton}, Geoffrey N. and {Briggs}, Michael S. and {Preece}, Robert D. and {Fishman}, Gerald J. and {Meegan}, Charles A. and {Wilson}, Robert B. and {Lestrade}, J. Patrick},
        title = "{BATSE Gamma-Ray Burst Line Search. I. Search for Narrow Lines in Spectroscopy Detector Data}",
      journal = {\apjl},
     keywords = {Gamma Ray Astronomy, Gamma Ray Bursts, Gamma Ray Spectra, Line Spectra, Astronomical Spectroscopy, Gamma Ray Observatory, Ginga Satellite, Spaceborne Astronomy, Astronomy, GAMMA RAYS: BURSTS},
         year = 1994,
        month = oct,
       volume = {433},
        pages = {L77},
          doi = {10.1086/187552},
       adsurl = {https://ui.adsabs.harvard.edu/abs/1994ApJ...433L..77P},
      adsnote = {Provided by the SAO/NASA Astrophysics Data System}
}

@ARTICLE{1995ApJ...447..289B,
       author = {{Band}, D.~L. and {Ford}, L.~A. and {Matteson}, J.~L. and {Briggs}, M.~S. and {Paciesas}, W.~S. and {Pendleton}, G.~N. and {Preece}, R.~D. and {Palmer}, D.~M. and {Teegarden}, B.~J. and {Schaefer}, B.~E.},
        title = "{BATSE Gamma-Ray Burst Line Search. III. Line Detectability}",
      journal = {\apj},
     keywords = {GAMMA RAYS: BURSTS, LINE: IDENTIFICATION, METHODS: STATISTICAL, Astrophysics},
         year = 1995,
        month = jul,
       volume = {447},
        pages = {289},
          doi = {10.1086/175874},
archivePrefix = {arXiv},
       eprint = {astro-ph/9501052},
 primaryClass = {astro-ph},
       adsurl = {https://ui.adsabs.harvard.edu/abs/1995ApJ...447..289B},
      adsnote = {Provided by the SAO/NASA Astrophysics Data System}
}

@ARTICLE{1996ApJ...458..746B,
       author = {{Band}, D.~L. and {Ryder}, S. and {Ford}, L.~A. and {Matteson}, J.~L. and {Palmer}, D.~M. and {Teegarden}, B.~J. and {Briggs}, M.~S. and {Paciesas}, W.~S. and {Pendleton}, G.~N. and {Preece}, R.~D.},
        title = "{BATSE Gamma-Ray Burst Line Search. IV. Line Candidates from the Visual Search}",
      journal = {\apj},
     keywords = {GAMMA RAYS: BURSTS, LINE: IDENTIFICATION, METHODS: STATISTICAL, Astrophysics},
         year = 1996,
        month = feb,
       volume = {458},
        pages = {746},
          doi = {10.1086/176855},
archivePrefix = {arXiv},
       eprint = {astro-ph/9508158},
 primaryClass = {astro-ph},
       adsurl = {https://ui.adsabs.harvard.edu/abs/1996ApJ...458..746B},
      adsnote = {Provided by the SAO/NASA Astrophysics Data System}
}

@ARTICLE{1997ApJ...485..747B,
       author = {{Band}, D.~L. and {Ford}, L.~A. and {Matteson}, J.~L. and {Briggs}, M.~S. and {Paciesas}, W.~S. and {Pendleton}, G.~N. and {Preece}, R.~D.},
        title = "{BATSE Gamma-Ray Burst Line Search. V. Probability of Detecting a Line in a Burst}",
      journal = {\apj},
     keywords = {Gamma Rays: Bursts, Methods: Statistical, Astrophysics},
         year = 1997,
        month = aug,
       volume = {485},
       number = {2},
        pages = {747-755},
          doi = {10.1086/304448},
archivePrefix = {arXiv},
       eprint = {astro-ph/9703132},
 primaryClass = {astro-ph},
       adsurl = {https://ui.adsabs.harvard.edu/abs/1997ApJ...485..747B},
      adsnote = {Provided by the SAO/NASA Astrophysics Data System}
}

@INPROCEEDINGS{1996AIPC..384..153B,
       author = {{Briggs}, Michael S. and {Band}, David L. and {Preece}, Robert D. and {Pendleton}, Geoffrey N. and {Paciesas}, William S. and {Ford}, Lyle and {Matteson}, James L.},
        title = "{A comprehensive search for low-energy lines in BATSE GRBs}",
     keywords = {95.75.Pq, 98.70.Rz, Mathematical procedures and computer techniques, gamma-ray sources, gamma-ray bursts, Astrophysics},
    booktitle = {Gamma-ray Bursts: 3rd Huntsville Symposium},
         year = 1996,
       editor = {{Kouveliotou}, Chryssa and {Briggs}, Michael F. and {Fishman}, Gerald J.},
       series = {American Institute of Physics Conference Series},
       volume = {384},
        month = aug,
    publisher = {AIP},
        pages = {153-157},
          doi = {10.1063/1.51734},
archivePrefix = {arXiv},
       eprint = {astro-ph/9610143},
 primaryClass = {astro-ph},
       adsurl = {https://ui.adsabs.harvard.edu/abs/1996AIPC..384..153B},
      adsnote = {Provided by the SAO/NASA Astrophysics Data System}
}

@ARTICLE{1999ApL&C..39..237B,
       author = {{Briggs}, M.~S. and {Band}, D.~L. and {Preece}, R.~D. and {Paciesas}, W.~S. and {Pendleton}, G.~N.},
        title = "{Analysis of Line Candidates in Gamma-Ray Bursts Observed by BATSE}",
      journal = {Astrophysical Letters and Communications},
     keywords = {Astrophysics},
         year = 1999,
        month = jan,
       volume = {39},
        pages = {237},
          doi = {10.48550/arXiv.astro-ph/9901224},
archivePrefix = {arXiv},
       eprint = {astro-ph/9901224},
 primaryClass = {astro-ph},
       adsurl = {https://ui.adsabs.harvard.edu/abs/1999ApL&C..39..237B},
      adsnote = {Provided by the SAO/NASA Astrophysics Data System}
}

@article{chaplin2013analytical,
  title={Analytical modeling of pulse-pileup distortion using the true pulse shape; applications to Fermi-GBM},
  author={Chaplin, Vandiver and Bhat, Narayana and Briggs, Michael S and Connaughton, Valerie},
  journal={Nuclear Instruments and Methods in Physics Research Section A: Accelerators, Spectrometers, Detectors and Associated Equipment},
  volume={717},
  pages={21--36},
  year={2013},
  publisher={Elsevier}
}

@article{bhat2014fermi,
  title={Fermi gamma-ray burst monitor detector performance at very high counting rates},
  author={Bhat, PN and Fishman, GJ and Briggs, MS and Connaughton, V and Meegan, CA and Paciesas, WS and Wilson-Hodge, C and Xiong, S},
  journal={Experimental Astronomy},
  volume={38},
  pages={331--357},
  year={2014},
  publisher={Springer}
}

@article{mitchell2022generalized,
  title={A generalized AIC for models with singularities and boundaries},
  author={Mitchell, Jonathan D and Allman, Elizabeth S and Rhodes, John A},
  journal={arXiv preprint arXiv:2211.04136},
  year={2022}
}

@article{algeri2019searching,
  title={Searching for new physics with profile likelihoods: Wilks and beyond},
  author={Algeri, Sara and Aalbers, Jelle and Mor{\aa}, Knut Dundas and Conrad, Jan},
  journal={arXiv preprint arXiv:1911.10237},
  year={2019}
}

@article{kaneko2006complete,
  title={The complete spectral catalog of bright BATSE gamma-ray bursts},
  author={Kaneko, Yuki and Preece, Robert D and Briggs, Michael S and Paciesas, William S and Meegan, Charles A and Band, David L},
  journal={The Astrophysical Journal Supplement Series},
  volume={166},
  number={1},
  pages={298},
  year={2006},
  publisher={IOP Publishing}
}

@article{ackermann2012fermi,
  title={Fermi detection of $\gamma$-ray emission from the M2 soft X-ray flare on 2010 June 12},
  author={Ackermann, Markus and Ajello, Marco and Allafort, A and Atwood, WB and Baldini, Luca and Barbiellini, Guido and Bastieri, Denis and Bechtol, K and Bellazzini, R and Bhat, PN and others},
  journal={The Astrophysical Journal},
  volume={745},
  number={2},
  pages={144},
  year={2012},
  publisher={IOP Publishing}
}

@article{bissaldi2009ground,
  title={Ground-based calibration and characterization of the Fermi gamma-ray burst monitor detectors},
  author={Bissaldi, Elisabetta and von Kienlin, Andreas and Lichti, G and Steinle, Helmut and Bhat, P Narayana and Briggs, Michael S and Fishman, Gerald J and Hoover, Andrew S and Kippen, R Marc and Krumrey, Michael and others},
  journal={Experimental Astronomy},
  volume={24},
  pages={47--88},
  year={2009},
  publisher={Springer}
}

@article{pe2024physical,
  title={Physical conditions that lead to the detection of the pair annihilation line in the BOAT GRB221009A},
  author={Pe'er, Asaf and Zhang, Bing},
  journal={arXiv preprint arXiv:2407.16241},
  year={2024}
}

@ARTICLE{1993ApJ...413..281B,
       author = {{Band}, D. and {Matteson}, J. and {Ford}, L. and {Schaefer}, B. and {Palmer}, D. and {Teegarden}, B. and {Cline}, T. and {Briggs}, M. and {Paciesas}, W. and {Pendleton}, G. and {Fishman}, G. and {Kouveliotou}, C. and {Meegan}, C. and {Wilson}, R. and {Lestrade}, P.},
        title = "{BATSE Observations of Gamma-Ray Burst Spectra. I. Spectral Diversity}",
      journal = {\apj},
     keywords = {Galactic Halos, Gamma Ray Bursts, Gamma Ray Spectra, Statistical Analysis, Radiation Distribution, Transient Response, Space Radiation, GAMMA RAYS: BURSTS, RADIATION MECHANISMS: MISCELLANEOUS},
         year = 1993,
        month = aug,
       volume = {413},
        pages = {281},
          doi = {10.1086/172995},
       adsurl = {https://ui.adsabs.harvard.edu/abs/1993ApJ...413..281B},
      adsnote = {Provided by the SAO/NASA Astrophysics Data System}
}

@article{jiang2024discovery,
  title={Discovery of a transient megaelectronvolt emission line in the GRB 221023A.},
  author={Jiang, Lu-Yao and Wei, Daming and Wang, Yun and Li, Xiang and He, Haoning and Ren, Jia and Wei, Yu-Jia and Jin, Zhi-Ping},
  year={2024}
}

@article{gross2010trial,
  title={Trial factors for the look elsewhere effect in high energy physics},
  author={Gross, Eilam and Vitells, Ofer},
  journal={The European Physical Journal C},
  volume={70},
  pages={525--530},
  year={2010},
  publisher={Springer}
}

@article{akaike1974new,
  title={A new look at the statistical model identification},
  author={Akaike, Hirotugu},
  journal={IEEE transactions on automatic control},
  volume={19},
  number={6},
  pages={716--723},
  year={1974},
  publisher={Ieee}
}

@article{protassov2002statistics,
  title={Statistics, handle with care: detecting multiple model components with the likelihood ratio test},
  author={Protassov, Rostislav and Van Dyk, David A and Connors, Alanna and Kashyap, Vinay L and Siemiginowska, Aneta},
  journal={The Astrophysical Journal},
  volume={571},
  number={1},
  pages={545},
  year={2002},
  publisher={IOP Publishing}
}

@article{chernoff1954distribution,
  title={On the distribution of the likelihood ratio},
  author={Chernoff, Herman},
  journal={The Annals of Mathematical Statistics},
  pages={573--578},
  year={1954},
  publisher={JSTOR}
}

@inproceedings{fitzpatrick2012background,
  title={Background estimation in a wide-field background-limited instrument such as Fermi GBM},
  author={Fitzpatrick, Gerard and McBreen, Sheila and Connaughton, Valerie and Briggs, Michael},
  booktitle={Space Telescopes and Instrumentation 2012: Ultraviolet to Gamma Ray},
  volume={8443},
  pages={965--973},
  year={2012},
  organization={SPIE}
}

@article{gruber2014fermi,
  title={The Fermi GBM gamma-ray burst spectral catalog: four years of data},
  author={Gruber, David and Goldstein, Adam and von Ahlefeld, Victoria Weller and Bhat, P Narayana and Bissaldi, Elisabetta and Briggs, Michael S and Byrne, Dave and Cleveland, William H and Connaughton, Valerie and Diehl, Roland and others},
  journal={The Astrophysical Journal Supplement Series},
  volume={211},
  number={1},
  pages={12},
  year={2014},
  publisher={IOP Publishing}
}

@article{gao2012implementing,
  title={Implementing the Nelder-Mead simplex algorithm with adaptive parameters},
  author={Gao, Fuchang and Han, Lixing},
  journal={Computational Optimization and Applications},
  volume={51},
  number={1},
  pages={259--277},
  year={2012},
  publisher={Springer}
}

@article{virtanen2020scipy,
  title={SciPy 1.0: fundamental algorithms for scientific computing in Python},
  author={Virtanen, Pauli and Gommers, Ralf and Oliphant, Travis E and Haberland, Matt and Reddy, Tyler and Cournapeau, David and Burovski, Evgeni and Peterson, Pearu and Weckesser, Warren and Bright, Jonathan and others},
  journal={Nature methods},
  volume={17},
  number={3},
  pages={261--272},
  year={2020},
  publisher={Nature Publishing Group}
}









@article{LATPaper,
	Adsnote = {Provided by the SAO/NASA Astrophysics Data System},
	Adsurl = {http://adsabs.harvard.edu/abs/2009ApJ...697.1071A},
	Archiveprefix = {arXiv},
	Author = {{Atwood}, W.~B.{Abdo}, A.~A. and {Ackermann}, M. and {Ajello}, M. and {Baldini}, L. and {Ballet}, J. and {Barbiellini}, G. and {Baring}, M.~G. and {Bastieri}, D. and {Bechtol}, K. and {Bellazzini}, R. and {Berenji}, B. and {Bhat}, P.~N. and {Bissaldi}, E. and {Blandford}, R.~D. and {Bonamente}, E. and {Bonnell}, J. and {Borgland}, A.~W. and {Bouvier}, A. and {Bregeon}, J. and {Brigida}, M. and {Bruel}, P. and {Buehler}, R. and {Buson}, S. and {Caliandro}, G.~A. and {Cameron}, R.~A. and {Caraveo}, P.~A. and {Casandjian}, J.~M. and {Cecchi}, C. and {Charles}, E. and {Chekhtman}, A. and {Chiang}, J. and {Ciprini}, S. and {Claus}, R. and {Connaughton}, V. and {Conrad}, J. and {Cutini}, S. and {de Angelis}, A. and {de Palma}, F. and {Dermer}, C.~D. and {Silva}, E.~d.~C.~e. and {Drell}, P.~S. and {Dubois}, R. and {Favuzzi}, C. and {Fukazawa}, Y. and {Fusco}, P. and {Gargano}, F. and {Gehrels}, N. and {Germani}, S. and {Giglietto}, N. and {Giommi}, P. and {Giordano}, F. and {Giroletti}, M. and {Glanzman}, T. and { Godfrey}, G. and {Granot}, J. and {Grenier}, I.~A. and {Guiriec}, S. and {Hadasch}, D. and {Hanabata}, Y. and {Hughes}, R.~E. and {J{\'o}hannesson}, G. and {Johnson}, A.~S. and {Kamae}, T. and {Katagiri}, H. and {Kataoka}, J. and {Kerr}, M. and {Kn{\"o}dlseder}, J. and {Kuss}, M. and {Lande}, J. and {Latronico}, L. and {Lee}, S.-H. and {Longo}, F. and {Loparco}, F. and {Lott}, B. and {Lubrano}, P. and {Mazziotta}, M.~N. and {McEnery}, J.~E. and {M{\'e}sz{\'a}ros}, P. and {Michelson}, P.~F. and {Mizuno}, T. and {Moiseev}, A.~A. and {Monzani}, M.~E. and {Morselli}, A. and {Moskalenko}, I.~V. and {Murgia}, S. and {Nakamori}, T. and {Naumann-Godo}, M. and {Nolan}, P.~L. and {Norris}, J.~P. and {Nuss}, E. and {Ohsugi}, T. and {Okumura}, A. and {Omodei}, N. and {Orlando}, E. and {Paciesas}, W.~S. and {Pelassa}, V. and {Pesce-Rollins}, M. and {Pierbattista}, M. and {Piron}, F. and {Porter}, T.~A. and {Racusin}, J.~L. and {Rain{\`o}}, S. and {Razzano}, M. and {Razzaque}, S. and {Reimer}, A. and {Reimer}, O. and { Reyes}, L.~C. and {Roth}, M. and {Sadrozinski}, H.~F.-W. and {Sgr{\`o}}, C. and {Siskind}, E.~J. and {Smith}, P.~D. and {Sonbas}, E. and {Spandre}, G. and {Spinelli}, P. and {Stamatikos}, M. and {Strickman}, M.~S. and {Takahashi}, H. and {Tanaka}, T. and {Tanaka}, Y. and {Thayer}, J.~G. and {Thayer}, J.~B. and {Torres}, D.~F. and {Tosti}, G. and {Troja}, E. and {Uehara}, T. and {Usher}, T.~L. and {Vandenbroucke}, J. and {Vasileiou}, V. and {Vianello}, G. and {Vilchez}, N. and {Vitale}, V. and {von Kienlin}, A. and {Waite}, A.~P. and {Wang}, P. and {Winer}, B.~L. and {Wood}, K.~S. and {Yamazaki}, R. and {Yang}, Z. and {Ziegler}, M. and {Piro}, L. and {Fermi Collaboration}},
	Doi = {10.1088/0004-637X/697/2/1071},
	Eprint = {0902.1089},
	Journal = {\apj},
	Keywords = {cosmic rays, galaxies: active, Galaxy: general, gamma rays: observations, Sun: X-rays, gamma rays, telescopes},
	Month = jun,
	Pages = {1071-1102},
	Primaryclass = {astro-ph.IM},
	Title = {{The Large Area Telescope on the Fermi Gamma-Ray Space Telescope Mission}},
	Volume = 697,
	Year = 2009,
	Bdsk-Url-1 = {http://dx.doi.org/10.1088/0004-637X/697/2/1071}}

@article{0004-637X-702-1-791,
  author={Charles Meegan and Giselher Lichti and P. N. Bhat and Elisabetta Bissaldi and Michael S. Briggs and Valerie
Connaughton and Roland Diehl and Gerald Fishman and Jochen Greiner and Andrew S. Hoover and Alexander J. van der
Horst and Andreas von Kienlin and R. Marc Kippen and Chryssa Kouveliotou and Sheila McBreen and W. S. Paciesas and Robert
Preece and Helmut Steinle and Mark S. Wallace and Robert B. Wilson and Colleen Wilson-Hodge},
  title={THE fermi gamma-ray burst monitor},
  journal={The Astrophysical Journal},
  volume={702},
  number={1},
  pages={791},
  year={2009},
  abstract={The Gamma-Ray Burst Monitor (GBM) will significantly augment the science return from the Fermi Observatory in the study of gamma-ray bursts (GRBs). The primary objective of GBM is to extend the energy range over which bursts are observed downward from the energy range of the Large Area Telescope (LAT) on Fermi into the hard X-ray range where extensive previous data sets exist. A secondary objective is to compute burst locations onboard to allow re-orienting the spacecraft so that the LAT can observe delayed emission from bright bursts. GBM uses an array of 12 sodium iodide scintillators and two bismuth germanate scintillators to detect gamma rays from ~8 keV to ~40 MeV over the full unocculted sky. The onboard trigger threshold is ~0.7 photons cm –2 s –1 (50-300 keV, 1 s peak). GBM generates onboard triggers for ~250 GRBs per year.}
}


@article{0004-637X-835-1-82,
  author={J. L. Racusin and E. Burns and A. Goldstein and V. Connaughton and C. A. Wilson-Hodge and P. Jenke and L. Blackburn and M. S.
Briggs and J. Broida and J. Camp and N. Christensen and C. M. Hui and T. Littenberg and P. Shawhan and L. Singer and J. Veitch and P. N.
Bhat and W. Cleveland and G. Fitzpatrick and M. H. Gibby and A. von Kienlin and S. McBreen and B. Mailyan and C. A. Meegan and W. S.
Paciesas and R. D. Preece and O. J. Roberts and M. Stanbro and P. Veres and B.-B. Zhang and Fermi LAT Collaboration and M.
Ackermann and A. Albert and W. B. Atwood and M. Axelsson and L. Baldini and J. Ballet and G. Barbiellini and M. G. Baring and D.
Bastieri and R. Bellazzini and E. Bissaldi and R. D. Blandford and E. D. Bloom and R. Bonino and J. Bregeon and P. Bruel and S.
Buson and G. A. Caliandro and R. A. Cameron and R. Caputo and M. Caragiulo and P. A. Caraveo and E. Cavazzuti and E. Charles and J.
Chiang and S. Ciprini and F. Costanza and A. Cuoco and S. Cutini and F. D’Ammando and F. de Palma and R. Desiante and S. W. Digel and N.
Di Lalla and M. Di Mauro and L. Di Venere and P. S. Drell and C. Favuzzi and E. C. Ferrara and W. B. Focke and Y. Fukazawa and S.
Funk and P. Fusco and F. Gargano and D. Gasparrini and N. Giglietto and R. Gill and M. Giroletti and T. Glanzman and J. Granot and D.
Green and J. E. Grove and L. Guillemot and S. Guiriec and A. K. Harding and T. Jogler and G. Jóhannesson and T. Kamae and S.
Kensei and D. Kocevski and M. Kuss and S. Larsson and L. Latronico and J. Li and F. Longo and F. Loparco and P. Lubrano and J. D.
Magill and S. Maldera and D. Malyshev and M. N. Mazziotta and J. E. McEnery and P. F. Michelson and T. Mizuno and M. E.
Monzani and A. Morselli and I. V. Moskalenko and M. Negro and E. Nuss and N. Omodei and M. Orienti and E. Orlando and J. F. Ormes and D.
Paneque and J. S. Perkins and M. Pesce-Rollins and F. Piron and G. Pivato and T. A. Porter and G. Principe and S. Rainò and R.
Rando and M. Razzano and S. Razzaque and A. Reimer and O. Reimer and P. M. Saz Parkinson and J. D. Scargle and C. Sgrò and D.
Simone and E. J. Siskind and D. A. Smith and F. Spada and P. Spinelli and D. J. Suson and H. Tajima and J. B. Thayer and D. F.
Torres and E. Troja and Y. Uchiyama and G. Vianello and K. S. Wood and M. Wood},
  title={Searching the Gamma-Ray Sky for Counterparts to Gravitational Wave Sources: /Fermi GBM and LAT Observations of LVT151012 and GW151226},
  journal={The Astrophysical Journal},
  volume={835},
  number={1},
  pages={82},
  year={2017},
  abstract={We present the Fermi Gamma-ray Burst Monitor (GBM) and Large Area Telescope (LAT) observations of the LIGO binary black hole merger event GW151226 and candidate LVT151012. At the time of the LIGO triggers on LVT151012 and GW151226, GBM was observing 68\% and 83\% of the localization regions, and LAT was observing 47\% and 32\%, respectively. No candidate electromagnetic counterparts were detected by either the GBM or LAT. We present a detailed analysis of the GBM and LAT data over a range of timescales from seconds to years, using automated pipelines and new techniques for characterizing the flux upper bounds across large areas of the sky. Due to the partial GBM and LAT coverage of the large LIGO localization regions at the trigger times for both events, differences in source distances and masses, as well as the uncertain degree to which emission from these sources could be beamed, these non-detections cannot be used to constrain the variety of theoretical models recently applied to explain the candidate GBM counterpart to GW150914.}
}

@article{2041-8205-823-1-L2,
  author={M. Ackermann and M. Ajello and A. Albert and B. Anderson and M. Arimoto and W. B. Atwood and M. Axelsson and L. Baldini and J.
Ballet and G. Barbiellini and M. G. Baring and D. Bastieri and J. Becerra Gonzalez and R. Bellazzini and E. Bissaldi and R. D.
Blandford and E. D. Bloom and R. Bonino and E. Bottacini and T. J. Brandt and J. Bregeon and R. J. Britto and P. Bruel and R.
Buehler and T. H. Burnett and S. Buson and G. A. Caliandro and R. A. Cameron and R. Caputo and M. Caragiulo and P. A. Caraveo and J.
M. Casandjian and E. Cavazzuti and E. Charles and A. Chekhtman and J. Chiang and G. Chiaro and S. Ciprini and J. Cohen-Tanugi and L.
R. Cominsky and B. Condon and F. Costanza and A. Cuoco and S. Cutini and F. D’Ammando and F. de Palma and R. Desiante and S. W.
Digel and N. Di Lalla and M. Di Mauro and L. Di Venere and A. Domínguez and P. S. Drell and R. Dubois and D. Dumora and C.
Favuzzi and S. J. Fegan and E. C. Ferrara and A. Franckowiak and Y. Fukazawa and S. Funk and P. Fusco and F. Gargano and D.
Gasparrini and N. Gehrels and N. Giglietto and M. Giomi and P. Giommi and F. Giordano and M. Giroletti and T. Glanzman and G.
Godfrey and G. A. Gomez-Vargas and J. Granot and D. Green and I. A. Grenier and M.-H. Grondin and J. E. Grove and L.
Guillemot and S. Guiriec and D. Hadasch and A. K. Harding and E. Hays and J. W. Hewitt and A. B. Hill and D. Horan and T. Jogler and G.
Jóhannesson and T. Kamae and S. Kensei and D. Kocevski and M. Kuss and G. La Mura and S. Larsson and L. Latronico and M.
Lemoine-Goumard and J. Li and L. Li and F. Longo and F. Loparco and M. N. Lovellette and P. Lubrano and G. M. Madejski and J.
Magill and S. Maldera and A. Manfreda and M. Marelli and M. Mayer and M. N. Mazziotta and J. E. McEnery and M. Meyer and P. F.
Michelson and N. Mirabal and T. Mizuno and A. A. Moiseev and M. E. Monzani and E. Moretti and A. Morselli and I. V.
Moskalenko and S. Murgia and M. Negro and E. Nuss and T. Ohsugi and N. Omodei and M. Orienti and E. Orlando and J. F. Ormes and D.
Paneque and J. S. Perkins and M. Pesce-Rollins and F. Piron and G. Pivato and T. A. Porter and J. L. Racusin and S. Rainò and R.
Rando and S. Razzaque and A. Reimer and O. Reimer and T. Reposeur and S. Ritz and L. S. Rochester and R. W. Romani and P. M. Saz
Parkinson and C. Sgrò and D. Simone and E. J. Siskind and D. A. Smith and F. Spada and G. Spandre and P. Spinelli and D. J. Suson and H.
Tajima and J. G. Thayer and J. B. Thayer and D. J. Thompson and L. Tibaldo and D. F. Torres and E. Troja and Y. Uchiyama and T. M.
Venters and G. Vianello and K. S. Wood and M. Wood and G. Zaharijas and S. Zhu and S. Zimmer},
  title={Fermi-LAT Observations of the LIGO Event GW150914},
  journal={The Astrophysical Journal Letters},
  volume={823},
  number={1},
  pages={L2},
  year={2016},
  abstract={The Fermi Large Area Telescope (LAT) has an instantaneous field of view (FoV) covering ##IMG## [http://ej.iop.org/images/2041-8205/823/1/L2/apjlaa224cieqn1.gif] {$\sim 1/5$} of the sky and it completes a survey of the entire sky in high-energy gamma-rays every 3 hr. It enables searches for transient phenomena over timescales from milliseconds to years. Among these phenomena could be electromagnetic counterparts to gravitational wave (GW) sources. In this paper, we present a detailed study of the LAT observations relevant to Laser Interferometer Gravitational-wave Observatory (LIGO) event GW150914, which is the first direct detection of gravitational waves and has been interpreted as being due to the coalescence of two stellar-mass black holes. The localization region for GW150914 was outside the LAT FoV at the time of the GW signal. However, as part of routine survey observations, the LAT observed the entire LIGO localization region within ∼70 minutes of the trigger and thus enabled a comprehensive search for a γ -ray counterpart to GW150914. The study of the LAT data presented here did not find any potential counterparts to GW150914, but it did provide limits on the presence of a transient counterpart above 100 MeV on timescales of hours to days over the entire GW150914 localization region.}
}

@ARTICLE{Norris1984,
   author = {{Norris}, J.~P. and {Cline}, T.~L. and {Desai}, U.~D. and {Teegarden}, B.~J.
	},
    title = "{Frequency of fast, narrow gamma-ray bursts}",
  journal = {\nat},
 keywords = {Gamma Ray Bursts, Spaceborne Astronomy, Temporal Distribution, Astronomical Spectroscopy, International Sun Earth Explorer 3, Venera Satellites},
     year = 1984,
    month = mar,
   volume = 308,
    pages = {434},
      doi = {10.1038/308434a0},
   adsurl = {http://adsabs.harvard.edu/abs/1984Natur.308..434N},
  adsnote = {Provided by the SAO/NASA Astrophysics Data System}
}

@article{Dezalay1991,
author = {J.‐P. Dezalay and C. Barat and R. Talon and R. Sunyaev and O. Terekhov and A. Kuznetsov},
title = {Short cosmic events: A subset of classical GRBs?},
journal = {AIP Conference Proceedings},
volume = {265},
number = {1},
pages = {304-309},
year = {1991},
doi = {10.1063/1.42799},
URL = {http://aip.scitation.org/doi/abs/10.1063/1.42799},
eprint = {http://aip.scitation.org/doi/pdf/10.1063/1.42799}
}

@ARTICLE{Kouveliotou1993,
   author = {{Kouveliotou}, C. and {Meegan}, C.~A. and {Fishman}, G.~J. and 
	{Bhat}, N.~P. and {Briggs}, M.~S. and {Koshut}, T.~M. and {Paciesas}, W.~S. and 
	{Pendleton}, G.~N.},
    title = "{Identification of two classes of gamma-ray bursts}",
  journal = {\apjl},
 keywords = {Astronomical Catalogs, Gamma Ray Bursts, Gamma Ray Observatory, Frequency Distribution, Spatial Distribution, Transient Response},
     year = 1993,
    month = aug,
   volume = 413,
    pages = {L101-L104},
      doi = {10.1086/186969},
   adsurl = {http://adsabs.harvard.edu/abs/1993ApJ...413L.101K},
  adsnote = {Provided by the SAO/NASA Astrophysics Data System}
}

@ARTICLE{Fong2013,
   author = {{Fong}, W. and {Berger}, E.},
    title = "{The Locations of Short Gamma-Ray Bursts as Evidence for Compact Object Binary Progenitors}",
  journal = {\apj},
archivePrefix = "arXiv",
   eprint = {1307.0819},
 primaryClass = "astro-ph.HE",
 keywords = {gamma-ray burst: general},
     year = 2013,
    month = oct,
   volume = 776,
      eid = {18},
    pages = {18},
      doi = {10.1088/0004-637X/776/1/18},
   adsurl = {http://adsabs.harvard.edu/abs/2013ApJ...776...18F},
  adsnote = {Provided by the SAO/NASA Astrophysics Data System}
}

@ARTICLE{Berger2014,
   author = {{Berger}, E.},
    title = "{Short-Duration Gamma-Ray Bursts}",
  journal = {\araa},
archivePrefix = "arXiv",
   eprint = {1311.2603},
 primaryClass = "astro-ph.HE",
     year = 2014,
    month = aug,
   volume = 52,
    pages = {43-105},
      doi = {10.1146/annurev-astro-081913-035926},
   adsurl = {http://adsabs.harvard.edu/abs/2014ARA%26A..52...43B},
  adsnote = {Provided by the SAO/NASA Astrophysics Data System}
}

@ARTICLE{Fox2005,
   author = {{Fox}, D.~B. and {Frail}, D.~A. and {Price}, P.~A. and {Kulkarni}, S.~R. and 
	{Berger}, E. and {Piran}, T. and {Soderberg}, A.~M. and {Cenko}, S.~B. and 
	{Cameron}, P.~B. and {Gal-Yam}, A. and {Kasliwal}, M.~M. and 
	{Moon}, D.-S. and {Harrison}, F.~A. and {Nakar}, E. and {Schmidt}, B.~P. and 
	{Penprase}, B. and {Chevalier}, R.~A. and {Kumar}, P. and {Roth}, K. and 
	{Watson}, D. and {Lee}, B.~L. and {Shectman}, S. and {Phillips}, M.~M. and 
	{Roth}, M. and {McCarthy}, P.~J. and {Rauch}, M. and {Cowie}, L. and 
	{Peterson}, B.~A. and {Rich}, J. and {Kawai}, N. and {Aoki}, K. and 
	{Kosugi}, G. and {Totani}, T. and {Park}, H.-S. and {MacFadyen}, A. and 
	{Hurley}, K.~C.},
    title = "{The afterglow of GRB 050709 and the nature of the short-hard {$\gamma$}-ray bursts}",
  journal = {\nat},
   eprint = {astro-ph/0510110},
     year = 2005,
    month = oct,
   volume = 437,
    pages = {845-850},
      doi = {10.1038/nature04189},
   adsurl = {http://adsabs.harvard.edu/abs/2005Natur.437..845F},
  adsnote = {Provided by the SAO/NASA Astrophysics Data System}
}

@ARTICLE{Hjorth2005a,
   author = {{Hjorth}, J. and {Watson}, D. and {Fynbo}, J.~P.~U. and {Price}, P.~A. and 
	{Jensen}, B.~L. and {J{\o}rgensen}, U.~G. and {Kubas}, D. and 
	{Gorosabel}, J. and {Jakobsson}, P. and {Sollerman}, J. and 
	{Pedersen}, K. and {Kouveliotou}, C.},
    title = "{The optical afterglow of the short {$\gamma$}-ray burst GRB 050709}",
  journal = {\nat},
   eprint = {astro-ph/0510096},
     year = 2005,
    month = oct,
   volume = 437,
    pages = {859-861},
      doi = {10.1038/nature04174},
   adsurl = {http://adsabs.harvard.edu/abs/2005Natur.437..859H},
  adsnote = {Provided by the SAO/NASA Astrophysics Data System}
}

@ARTICLE{Hjorth2005b,
   author = {{Hjorth}, J. and {Sollerman}, J. and {Gorosabel}, J. and {Granot}, J. and 
	{Klose}, S. and {Kouveliotou}, C. and {Melinder}, J. and {Ramirez-Ruiz}, E. and 
	{Starling}, R. and {Thomsen}, B. and {Andersen}, M.~I. and {Fynbo}, J.~P.~U. and 
	{Jensen}, B.~L. and {Vreeswijk}, P.~M. and {Castro Cer{\'o}n}, J.~M. and 
	{Jakobsson}, P. and {Levan}, A. and {Pedersen}, K. and {Rhoads}, J.~E. and 
	{Tanvir}, N.~R. and {Watson}, D. and {Wijers}, R.~A.~M.~J.},
    title = "{GRB 050509B: Constraints on Short Gamma-Ray Burst Models}",
  journal = {\apjl},
   eprint = {astro-ph/0506123},
 keywords = {Gamma Rays: Bursts, Stars: Supernovae: General},
     year = 2005,
    month = sep,
   volume = 630,
    pages = {L117-L120},
      doi = {10.1086/491733},
   adsurl = {http://adsabs.harvard.edu/abs/2005ApJ...630L.117H},
  adsnote = {Provided by the SAO/NASA Astrophysics Data System}
}

@ARTICLE{Soderberg2006,
   author = {{Soderberg}, A.~M. and {Berger}, E. and {Kasliwal}, M. and {Frail}, D.~A. and 
	{Price}, P.~A. and {Schmidt}, B.~P. and {Kulkarni}, S.~R. and 
	{Fox}, D.~B. and {Cenko}, S.~B. and {Gal-Yam}, A. and {Nakar}, E. and 
	{Roth}, K.~C.},
    title = "{The Afterglow, Energetics, and Host Galaxy of the Short-Hard Gamma-Ray Burst 051221a}",
  journal = {\apj},
   eprint = {astro-ph/0601455},
 keywords = {Gamma Rays: Bursts},
     year = 2006,
    month = oct,
   volume = 650,
    pages = {261-271},
      doi = {10.1086/506429},
   adsurl = {http://adsabs.harvard.edu/abs/2006ApJ...650..261S},
  adsnote = {Provided by the SAO/NASA Astrophysics Data System}
}

@ARTICLE{DAvanz2009,
   author = {{D'Avanzo}, P. and {Malesani}, D. and {Covino}, S. and {Piranomonte}, S. and 
	{Grazian}, A. and {Fugazza}, D. and {Margutti}, R. and {D'Elia}, V. and 
	{Antonelli}, L.~A. and {Campana}, S. and {Chincarini}, G. and 
	{Della Valle}, M. and {Fiore}, F. and {Goldoni}, P. and {Mao}, J. and 
	{Perna}, R. and {Salvaterra}, R. and {Stella}, L. and {Stratta}, G. and 
	{Tagliaferri}, G.},
    title = "{The optical afterglows and host galaxies of three short/hard gamma-ray bursts}",
  journal = {\aap},
archivePrefix = "arXiv",
   eprint = {0901.4038},
 primaryClass = "astro-ph.CO",
 keywords = {gamma rays: bursts},
     year = 2009,
    month = may,
   volume = 498,
    pages = {711-721},
      doi = {10.1051/0004-6361/200811294},
   adsurl = {http://adsabs.harvard.edu/abs/2009A%26A...498..711D},
  adsnote = {Provided by the SAO/NASA Astrophysics Data System}
}

@ARTICLE{kocevski2010,
   author = {{Kocevski}, D. and {Th{\"o}ne}, C.~C. and {Ramirez-Ruiz}, E. and 
	{Bloom}, J.~S. and {Granot}, J. and {Butler}, N.~R. and {Perley}, D.~A. and 
	{Modjaz}, M. and {Lee}, W.~H. and {Cobb}, B.~E. and {Levan}, A.~J. and 
	{Tanvir}, N. and {Covino}, S.},
    title = "{Limits on radioactive powered emission associated with a short-hard GRB 070724A in a star-forming galaxy}",
  journal = {\mnras},
archivePrefix = "arXiv",
   eprint = {0908.0030},
 keywords = {gamma-rays: bursts},
     year = 2010,
    month = may,
   volume = 404,
    pages = {963-974},
      doi = {10.1111/j.1365-2966.2010.16327.x},
   adsurl = {http://adsabs.harvard.edu/abs/2010MNRAS.404..963K},
  adsnote = {Provided by the SAO/NASA Astrophysics Data System}
}

@ARTICLE{Rowlinson2010,
   author = {{Rowlinson}, A. and {Wiersema}, K. and {Levan}, A.~J. and {Tanvir}, N.~R. and 
	{O'Brien}, P.~T. and {Rol}, E. and {Hjorth}, J. and {Th{\"o}ne}, C.~C. and 
	{de Ugarte Postigo}, A. and {Fynbo}, J.~P.~U. and {Jakobsson}, P. and 
	{Pagani}, C. and {Stamatikos}, M.},
    title = "{Discovery of the afterglow and host galaxy of the low-redshift short GRB 080905A}",
  journal = {\mnras},
archivePrefix = "arXiv",
   eprint = {1006.0487},
 primaryClass = "astro-ph.HE",
 keywords = {gamma-ray burst: individual: GRB 080905A},
     year = 2010,
    month = oct,
   volume = 408,
    pages = {383-391},
      doi = {10.1111/j.1365-2966.2010.17115.x},
   adsurl = {http://adsabs.harvard.edu/abs/2010MNRAS.408..383R},
  adsnote = {Provided by the SAO/NASA Astrophysics Data System}
}

@ARTICLE{Berger2013,
   author = {{Berger}, E. and {Fong}, W. and {Chornock}, R.},
    title = "{An r-process Kilonova Associated with the Short-hard GRB 130603B}",
  journal = {\apjl},
archivePrefix = "arXiv",
   eprint = {1306.3960},
 primaryClass = "astro-ph.HE",
 keywords = {gamma-ray burst: general, gamma-ray burst: individual: 130603B},
     year = 2013,
    month = sep,
   volume = 774,
      eid = {L23},
    pages = {L23},
      doi = {10.1088/2041-8205/774/2/L23},
   adsurl = {http://adsabs.harvard.edu/abs/2013ApJ...774L..23B},
  adsnote = {Provided by the SAO/NASA Astrophysics Data System}
}

@ARTICLE{Eichler1989,
   author = {{Eichler}, D. and {Livio}, M. and {Piran}, T. and {Schramm}, D.~N.
	},
    title = "{Nucleosynthesis, neutrino bursts and gamma-rays from coalescing neutron stars}",
  journal = {\nat},
 keywords = {Gamma Ray Bursts, Neutrinos, Neutron Stars, Nuclear Fusion, Binary Stars, Gravitational Effects, Gravity Waves, Hubble Constant, Pulsars},
     year = 1989,
    month = jul,
   volume = 340,
    pages = {126-128},
      doi = {10.1038/340126a0},
   adsurl = {http://adsabs.harvard.edu/abs/1989Natur.340..126E},
  adsnote = {Provided by the SAO/NASA Astrophysics Data System}
}

@ARTICLE{Narayan1992,
   author = {{Narayan}, R. and {Paczynski}, B. and {Piran}, T.},
    title = "{Gamma-ray bursts as the death throes of massive binary stars}",
  journal = {\apjl},
   eprint = {astro-ph/9204001},
 keywords = {Binary Stars, Black Holes (Astronomy), Gamma Ray Bursts, Massive Stars, Neutron Stars, Computational Astrophysics, Electron-Positron Pairs, Gravitational Waves, Neutrinos, Stellar Magnetic Fields, Stellar Models},
     year = 1992,
    month = aug,
   volume = 395,
    pages = {L83-L86},
      doi = {10.1086/186493},
   adsurl = {http://adsabs.harvard.edu/abs/1992ApJ...395L..83N},
  adsnote = {Provided by the SAO/NASA Astrophysics Data System}
}
@ARTICLE{Atwood09,
   author = {{Atwood}, W.~B. and {Abdo}, A.~A. and {Ackermann}, M. and {Althouse}, W. and 
	{Anderson}, B. and {Axelsson}, M. and {Baldini}, L. and {Ballet}, J. and 
	{Band}, D.~L. and {Barbiellini}, G. and et al.},
    title = "{The Large Area Telescope on the Fermi Gamma-Ray Space Telescope Mission}",
  journal = {\apj},
archivePrefix = "arXiv",
   eprint = {0902.1089},
 primaryClass = "astro-ph.IM",
 keywords = {cosmic rays, galaxies: active, Galaxy: general, gamma rays: observations, Sun: X-rays, gamma rays, telescopes},
     year = 2009,
    month = jun,
   volume = 697,
    pages = {1071-1102},
      doi = {10.1088/0004-637X/697/2/1071},
   adsurl = {http://adsabs.harvard.edu/abs/2009ApJ...697.1071A},
  adsnote = {Provided by the SAO/NASA Astrophysics Data System}
}

@ARTICLE{Vianello15,
   author = {{Vianello}, G. and {Omodei}, N. and {Chiang}, J. and {Digel}, S.
	},
    title = "{Searching for High-energy Gamma-ray Counterparts to Gravitational-wave Sources with Fermi-LAT: A Needle in a Haystack}",
  journal = {\apjl},
archivePrefix = "arXiv",
   eprint = {1607.01793},
 primaryClass = "astro-ph.HE",
 keywords = {gamma rays: general, gravitational waves, methods: observational},
     year = 2017,
    month = may,
   volume = 841,
      eid = {L16},
    pages = {L16},
      doi = {10.3847/2041-8213/aa7262},
   adsurl = {http://adsabs.harvard.edu/abs/2017ApJ...841L..16V},
  adsnote = {Provided by the SAO/NASA Astrophysics Data System}
}
@ARTICLE{Ackermann10,
   author = {{Ackermann}, M. and {Asano}, K. and {Atwood}, W.~B. and {Axelsson}, M. and 
	{Baldini}, L. and {Ballet}, J. and {Barbiellini}, G. and {Baring}, M.~G. and 
	{Bastieri}, D. and {Bechtol}, K. and {Bellazzini}, R. and {Berenji}, B. and 
	{Bhat}, P.~N. and {Bissaldi}, E. and {Blandford}, R.~D. and 
	{Bloom}, E.~D. and {Bonamente}, E. and {Borgland}, A.~W. and 
	{Bouvier}, A. and {Bregeon}, J. and {Brez}, A. and {Briggs}, M.~S. and 
	{Brigida}, M. and {Bruel}, P. and {Buson}, S. and {Caliandro}, G.~A. and 
	{Cameron}, R.~A. and {Caraveo}, P.~A. and {Carrigan}, S. and 
	{Casandjian}, J.~M. and {Cecchi}, C. and {{\c C}elik}, {\"O}. and 
	{Charles}, E. and {Chiang}, J. and {Ciprini}, S. and {Claus}, R. and 
	{Cohen-Tanugi}, J. and {Connaughton}, V. and {Conrad}, J. and 
	{Dermer}, C.~D. and {de Palma}, F. and {Dingus}, B.~L. and {Silva}, E.~d.~C.~e. and 
	{Drell}, P.~S. and {Dubois}, R. and {Dumora}, D. and {Farnier}, C. and 
	{Favuzzi}, C. and {Fegan}, S.~J. and {Finke}, J. and {Focke}, W.~B. and 
	{Frailis}, M. and {Fukazawa}, Y. and {Fusco}, P. and {Gargano}, F. and 
	{Gasparrini}, D. and {Gehrels}, N. and {Germani}, S. and {Giglietto}, N. and 
	{Giordano}, F. and {Glanzman}, T. and {Godfrey}, G. and {Granot}, J. and 
	{Grenier}, I.~A. and {Grondin}, M.-H. and {Grove}, J.~E. and 
	{Guiriec}, S. and {Hadasch}, D. and {Harding}, A.~K. and {Hays}, E. and 
	{Horan}, D. and {Hughes}, R.~E. and {J{\'o}hannesson}, G. and 
	{Johnson}, W.~N. and {Kamae}, T. and {Katagiri}, H. and {Kataoka}, J. and 
	{Kawai}, N. and {Kippen}, R.~M. and {Kn{\"o}dlseder}, J. and 
	{Kocevski}, D. and {Kouveliotou}, C. and {Kuss}, M. and {Lande}, J. and 
	{Latronico}, L. and {Lemoine-Goumard}, M. and {Llena Garde}, M. and 
	{Longo}, F. and {Loparco}, F. and {Lott}, B. and {Lovellette}, M.~N. and 
	{Lubrano}, P. and {Makeev}, A. and {Mazziotta}, M.~N. and {McEnery}, J.~E. and 
	{McGlynn}, S. and {Meegan}, C. and {M{\'e}sz{\'a}ros}, P. and 
	{Michelson}, P.~F. and {Mitthumsiri}, W. and {Mizuno}, T. and 
	{Moiseev}, A.~A. and {Monte}, C. and {Monzani}, M.~E. and {Moretti}, E. and 
	{Morselli}, A. and {Moskalenko}, I.~V. and {Murgia}, S. and 
	{Nakajima}, H. and {Nakamori}, T. and {Nolan}, P.~L. and {Norris}, J.~P. and 
	{Nuss}, E. and {Ohno}, M. and {Ohsugi}, T. and {Omodei}, N. and 
	{Orlando}, E. and {Ormes}, J.~F. and {Ozaki}, M. and {Paciesas}, W.~S. and 
	{Paneque}, D. and {Panetta}, J.~H. and {Parent}, D. and {Pelassa}, V. and 
	{Pepe}, M. and {Pesce-Rollins}, M. and {Piron}, F. and {Preece}, R. and 
	{Rain{\`o}}, S. and {Rando}, R. and {Razzano}, M. and {Razzaque}, S. and 
	{Reimer}, A. and {Ritz}, S. and {Rodriguez}, A.~Y. and {Roth}, M. and 
	{Ryde}, F. and {Sadrozinski}, H.~F.-W. and {Sander}, A. and 
	{Scargle}, J.~D. and {Schalk}, T.~L. and {Sgr{\`o}}, C. and 
	{Siskind}, E.~J. and {Smith}, P.~D. and {Spandre}, G. and {Spinelli}, P. and 
	{Stamatikos}, M. and {Stecker}, F.~W. and {Strickman}, M.~S. and 
	{Suson}, D.~J. and {Tajima}, H. and {Takahashi}, H. and {Takahashi}, T. and 
	{Tanaka}, T. and {Thayer}, J.~B. and {Thayer}, J.~G. and {Thompson}, D.~J. and 
	{Tibaldo}, L. and {Toma}, K. and {Torres}, D.~F. and {Tosti}, G. and 
	{Tramacere}, A. and {Uchiyama}, Y. and {Uehara}, T. and {Usher}, T.~L. and 
	{van der Horst}, A.~J. and {Vasileiou}, V. and {Vilchez}, N. and 
	{Vitale}, V. and {von Kienlin}, A. and {Waite}, A.~P. and {Wang}, P. and 
	{Wilson-Hodge}, C. and {Winer}, B.~L. and {Wu}, X.~F. and {Yamazaki}, R. and 
	{Yang}, Z. and {Ylinen}, T. and {Ziegler}, M.},
    title = "{Fermi Observations of GRB 090510: A Short-Hard Gamma-ray Burst with an Additional, Hard Power-law Component from 10 keV TO GeV Energies}",
  journal = {\apj},
archivePrefix = "arXiv",
   eprint = {1005.2141},
 primaryClass = "astro-ph.HE",
 keywords = {gamma-ray burst: individual: GRB 090510, radiation mechanisms: non-thermal},
     year = 2010,
    month = jun,
   volume = 716,
    pages = {1178-1190},
      doi = {10.1088/0004-637X/716/2/1178},
   adsurl = {http://adsabs.harvard.edu/abs/2010ApJ...716.1178A},
  adsnote = {Provided by the SAO/NASA Astrophysics Data System}
}

@ARTICLE{2MPZ,
   author = {{Bilicki}, M. and {Jarrett}, T.~H. and {Peacock}, J.~A. and 
	{Cluver}, M.~E. and {Steward}, L.},
    title = "{Two Micron All Sky Survey Photometric Redshift Catalog: A Comprehensive Three-dimensional Census of the Whole Sky}",
  journal = {\apjs},
archivePrefix = "arXiv",
   eprint = {1311.5246},
 primaryClass = "astro-ph.CO",
 keywords = {catalogs, galaxies: distances and redshifts, large-scale structure of universe, methods: data analysis, methods: statistical, surveys },
     year = 2014,
    month = jan,
   volume = 210,
      eid = {9},
    pages = {9},
      doi = {10.1088/0067-0049/210/1/9},
   adsurl = {http://adsabs.harvard.edu/abs/2014ApJS..210....9B},
  adsnote = {Provided by the SAO/NASA Astrophysics Data System}
}

@ARTICLE{2013ApJS..209...11A,
   author = {{Ackermann}, M. and {Ajello}, M. and {Asano}, K. and {Axelsson}, M. and 
	{Baldini}, L. and {Ballet}, J. and {Barbiellini}, G. and {Bastieri}, D. and 
	{Bechtol}, K. and {Bellazzini}, R. and {Bhat}, P.~N. and {Bissaldi}, E. and 
	{Bloom}, E.~D. and {Bonamente}, E. and {Bonnell}, J. and {Bouvier}, A. and 
	{Brandt}, T.~J. and {Bregeon}, J. and {Brigida}, M. and {Bruel}, P. and 
	{Buehler}, R. and {Burgess}, J.~M. and {Buson}, S. and {Byrne}, D. and 
	{Caliandro}, G.~A. and {Cameron}, R.~A. and {Caraveo}, P.~A. and 
	{Cecchi}, C. and {Charles}, E. and {Chaves}, R.~C.~G. and {Chekhtman}, A. and 
	{Chiang}, J. and {Chiaro}, G. and {Ciprini}, S. and {Claus}, R. and 
	{Cohen-Tanugi}, J. and {Connaughton}, V. and {Conrad}, J. and 
	{Cutini}, S. and {D'Ammando}, F. and {de Angelis}, A. and {de Palma}, F. and 
	{Dermer}, C.~D. and {Desiante}, R. and {Digel}, S.~W. and {Dingus}, B.~L. and 
	{Di Venere}, L. and {Drell}, P.~S. and {Drlica-Wagner}, A. and 
	{Dubois}, R. and {Favuzzi}, C. and {Ferrara}, E.~C. and {Fitzpatrick}, G. and 
	{Foley}, S. and {Franckowiak}, A. and {Fukazawa}, Y. and {Fusco}, P. and 
	{Gargano}, F. and {Gasparrini}, D. and {Gehrels}, N. and {Germani}, S. and 
	{Giglietto}, N. and {Giommi}, P. and {Giordano}, F. and {Giroletti}, M. and 
	{Glanzman}, T. and {Godfrey}, G. and {Goldstein}, A. and {Granot}, J. and 
	{Grenier}, I.~A. and {Grove}, J.~E. and {Gruber}, D. and {Guiriec}, S. and 
	{Hadasch}, D. and {Hanabata}, Y. and {Hayashida}, M. and {Horan}, D. and 
	{Hou}, X. and {Hughes}, R.~E. and {Inoue}, Y. and {Jackson}, M.~S. and 
	{Jogler}, T. and {J{\'o}hannesson}, G. and {Johnson}, A.~S. and 
	{Johnson}, W.~N. and {Kamae}, T. and {Kataoka}, J. and {Kawano}, T. and 
	{Kippen}, R.~M. and {Kn{\"o}dlseder}, J. and {Kocevski}, D. and 
	{Kouveliotou}, C. and {Kuss}, M. and {Lande}, J. and {Larsson}, S. and 
	{Latronico}, L. and {Lee}, S.-H. and {Longo}, F. and {Loparco}, F. and 
	{Lovellette}, M.~N. and {Lubrano}, P. and {Massaro}, F. and 
	{Mayer}, M. and {Mazziotta}, M.~N. and {McBreen}, S. and {McEnery}, J.~E. and 
	{McGlynn}, S. and {Michelson}, P.~F. and {Mizuno}, T. and {Moiseev}, A.~A. and 
	{Monte}, C. and {Monzani}, M.~E. and {Moretti}, E. and {Morselli}, A. and 
	{Murgia}, S. and {Nemmen}, R. and {Nuss}, E. and {Nymark}, T. and 
	{Ohno}, M. and {Ohsugi}, T. and {Omodei}, N. and {Orienti}, M. and 
	{Orlando}, E. and {Paciesas}, W.~S. and {Paneque}, D. and {Panetta}, J.~H. and 
	{Pelassa}, V. and {Perkins}, J.~S. and {Pesce-Rollins}, M. and 
	{Piron}, F. and {Pivato}, G. and {Porter}, T.~A. and {Preece}, R. and 
	{Racusin}, J.~L. and {Rain{\`o}}, S. and {Rando}, R. and {Rau}, A. and 
	{Razzano}, M. and {Razzaque}, S. and {Reimer}, A. and {Reimer}, O. and 
	{Reposeur}, T. and {Ritz}, S. and {Romoli}, C. and {Roth}, M. and 
	{Ryde}, F. and {Saz Parkinson}, P.~M. and {Schalk}, T.~L. and 
	{Sgr{\`o}}, C. and {Siskind}, E.~J. and {Sonbas}, E. and {Spandre}, G. and 
	{Spinelli}, P. and {Suson}, D.~J. and {Tajima}, H. and {Takahashi}, H. and 
	{Takeuchi}, Y. and {Tanaka}, Y. and {Thayer}, J.~G. and {Thayer}, J.~B. and 
	{Thompson}, D.~J. and {Tibaldo}, L. and {Tierney}, D. and {Tinivella}, M. and 
	{Torres}, D.~F. and {Tosti}, G. and {Troja}, E. and {Tronconi}, V. and 
	{Usher}, T.~L. and {Vandenbroucke}, J. and {van der Horst}, A.~J. and 
	{Vasileiou}, V. and {Vianello}, G. and {Vitale}, V. and {von Kienlin}, A. and 
	{Winer}, B.~L. and {Wood}, K.~S. and {Wood}, M. and {Xiong}, S. and 
	{Yang}, Z.},
    title = "{The First Fermi-LAT Gamma-Ray Burst Catalog}",
  journal = {\apjs},
archivePrefix = "arXiv",
   eprint = {1303.2908},
 primaryClass = "astro-ph.HE",
 keywords = {catalogs, gamma-ray burst: general, methods: data analysis },
     year = 2013,
    month = nov,
   volume = 209,
      eid = {11},
    pages = {11},
      doi = {10.1088/0067-0049/209/1/11},
   adsurl = {http://adsabs.harvard.edu/abs/2013ApJS..209...11A},
  adsnote = {Provided by the SAO/NASA Astrophysics Data System}
}

@ARTICLE{gcnLVCGW170817_1,
   author = {LVC},
    title = "{LIGO/Virgo Identification of a binary neutron star candidate coincident with Fermi GBM trigger 524666471/170817529}",
  journal = {GRB Coordinates Network},
     year = 2017,
   volume = 21509,
}

@ARTICLE{gcnLVCGW170817_2,
   author = {LVC},
    title = "{LIGO/Virgo G298048: Further analysis of a binary neutron star candidate with updated sky localization}",
  journal = {GRB Coordinates Network},
     year = 2017,
   volume = 21513,
}

@ARTICLE{gcnLVCGW170817_LAL,
    title = {LIGO/Virgo G298048: Updated sky map from gravitational-wave data},
    author = {{The {LIGO} Scientific Collaboration} and {The Virgo Collaboration} and others},
    journal = {GCN},
    volume = {21527},
    pages = {1-+},
    year = {2017},
    month = aug
}

@article{veitch2015parameter,
  title={Parameter estimation for compact binaries with ground-based gravitational-wave observations using the LALInference software library},
  author={Veitch, John and Raymond, Vivien and Farr, Benjamin and Farr, W and Graff, Philip and Vitale, Salvatore and Aylott, Ben and Blackburn, Kent and Christensen, Nelson and Coughlin, Michael and et al.},
  journal={Physical Review D},
  volume={91},
  number={4},
  pages={042003},
  year={2015},
  publisher={APS}
}

@article{bayestar,
  author={Leo P. Singer and Hsin-Yu Chen and Daniel E. Holz and Will M. Farr and Larry R. Price and Vivien Raymond and S. Bradley
Cenko and Neil Gehrels and John Cannizzo and Mansi M. Kasliwal and Samaya Nissanke and Michael Coughlin and Ben Farr and Alex L.
Urban and Salvatore Vitale and John Veitch and Philip Graff and Christopher P. L. Berry and Satya Mohapatra and Ilya Mandel},
  title={Going the Distance: Mapping Host Galaxies of LIGO and Virgo Sources in Three Dimensions Using Local Cosmography and Targeted Follow-up},
  journal={The Astrophysical Journal Letters},
  volume={829},
  number={1},
  pages={L15},
  year={2016}
}

@ARTICLE{Paczynski1991,
   author = {{Paczynski}, B.},
    title = "{Cosmological gamma-ray bursts}",
  journal = {\actaa},
 keywords = {Gamma Ray Bursts, Neutron Stars, Gamma Ray Observatory, Gravitational Lenses, Milky Way Galaxy, Spectral Correlation},
     year = 1991,
   volume = 41,
    pages = {257-267},
   adsurl = {http://adsabs.harvard.edu/abs/1991AcA....41..257P},
  adsnote = {Provided by the SAO/NASA Astrophysics Data System}
}

@ARTICLE{Paczynski1986,
   author = {{Paczynski}, B.},
    title = "{Gamma-ray bursters at cosmological distances}",
  journal = {\apjl},
 keywords = {Astronomical Models, Cosmology, Distance, Gamma Ray Bursts, Gravitational Lenses, Black Body Radiation, Electron-Positron Plasmas, Galactic Radiation, Temporal Distribution},
     year = 1986,
    month = sep,
   volume = 308,
    pages = {L43-L46},
      doi = {10.1086/184740},
   adsurl = {http://adsabs.harvard.edu/abs/1986ApJ...308L..43P},
  adsnote = {Provided by the SAO/NASA Astrophysics Data System}
}

@article{GBMBurstCatalog_6Years,
  author={P. Narayana Bhat and Charles A. Meegan and Andreas von Kienlin and William S. Paciesas and Michael S. Briggs and J.
Michael Burgess and Eric Burns and Vandiver Chaplin and William H. Cleveland and Andrew C. Collazzi and Valerie
Connaughton and Anne M. Diekmann and Gerard Fitzpatrick and Melissa H. Gibby and Misty M. Giles and Adam M.
Goldstein and Jochen Greiner and Peter A. Jenke and R. Marc Kippen and Chryssa Kouveliotou and Bagrat Mailyan and Sheila
McBreen and Veronique Pelassa and Robert D. Preece and Oliver J. Roberts and Linda S. Sparke and Matthew Stanbro and Péter
Veres and Colleen A. Wilson-Hodge and Shaolin Xiong and George Younes and Hoi-Fung Yu and Binbin Zhang},
  title={The Third Fermi GBM Gamma-Ray Burst Catalog: The First Six Years},
  journal={ApJS},
  volume={223},
  number={2},
  pages={28},
  year={2016},
  abstract={Since its launch in 2008, the Fermi Gamma-ray Burst Monitor (GBM) has triggered and located on average approximately two γ -ray bursts (GRBs) every three days. Here, we present the third of a series of catalogs of GRBs detected by GBM, extending the second catalog by two more years through the middle of 2014 July. The resulting list includes 1405 triggers identified as GRBs. The intention of the GBM GRB catalog is to provide information to the community on the most important observables of the GBM-detected GRBs. For each GRB, the location and main characteristics of the prompt emission, the duration, peak flux, and fluence are derived. The latter two quantities are calculated for the 50–300 keV energy band where the maximum energy release of GRBs in the instrument reference system is observed, and also for a broader energy band from 10 to 1000 keV, exploiting the full energy range of GBM's low-energy [Na i [Tl)] detectors. Using statistical methods to assess clustering, we find that the hardness and duration of GRBs are better fit by a two-component model with short-hard and long-soft bursts than by a model with three components. Furthermore, information is provided on the settings and modifications of the triggering criteria and exceptional operational conditions during years five and six in the mission. This third catalog is an official product of the Fermi GBM science team, and the data files containing the complete results are available from the High-Energy Astrophysics Science Archive Research Center.}
}

@ARTICLE{GBM_only_paper,
   author = {{Goldstein}, A. and others},
    title = "{An Ordinary Short Gamma-Ray Burst with Extraordinary Implications: \\ \Fermi-GBM observations of GRB~170817A}",
  journal = {\apjl},
     year = 2017,
   volume = {848}
}
@article{GW170817,
      author         = "Abbott, B. P. and others",
      title          = "{GW170817: Observation of Gravitational Waves from a Binary Neutron Star Inspiral}",
      collaboration  = "Virgo, LIGO Scientific",
      journal        = {\prl},
      volume         = "119",
      year           = "2017",
      pages          = "161101",
      doi            = "10.1103/PhysRevLett.119.161101",
      reportNumber   = "LIGO-P170817",
}

@ARTICLE{Meegan2009,
   author = {{Meegan}, C. and {Lichti}, G. and {Bhat}, P.~N. and {Bissaldi}, E. and 
	{Briggs}, M.~S. and {Connaughton}, V. and {Diehl}, R. and {Fishman}, G. and 
	{Greiner}, J. and {Hoover}, A.~S. and {van der Horst}, A.~J. and 
	{von Kienlin}, A. and {Kippen}, R.~M. and {Kouveliotou}, C. and 
	{McBreen}, S. and {Paciesas}, W.~S. and {Preece}, R. and {Steinle}, H. and 
	{Wallace}, M.~S. and {Wilson}, R.~B. and {Wilson-Hodge}, C.},
    title = "{The Fermi Gamma-ray Burst Monitor}",
  journal = {\apj},
archivePrefix = "arXiv",
   eprint = {0908.0450},
 primaryClass = "astro-ph.IM",
 keywords = {gamma rays: bursts, instrumentation: detectors},
     year = 2009,
    month = sep,
   volume = 702,
      eid = {791-804},
    pages = {791-804},
      doi = {10.1088/0004-637X/702/1/791},
   adsurl = {http://adsabs.harvard.edu/abs/2009ApJ...702..791M},
  adsnote = {Provided by the SAO/NASA Astrophysics Data System}
}

@article{jointpaper,
  author={{Abbott}, B.~P. and others},
  title={Gravitational Waves and Gamma Rays from a Binary Neutron Star Merger: GW170817 and GRB 170817A.},
  journal={\apjl},
  volume={828},
  number={},
  pages={},
  year={2017},
  doi={10.3847/2041-8213}
}

@ARTICLE{2010ApJ...719..900K,
   author = {{Kashyap}, V.~L. and {van Dyk}, D.~A. and {Connors}, A. and 
	{Freeman}, P.~E. and {Siemiginowska}, A. and {Xu}, J. and {Zezas}, A.
	},
    title = "{On Computing Upper Limits to Source Intensities}",
  journal = {\apj},
archivePrefix = "arXiv",
   eprint = {1006.4334},
 primaryClass = "astro-ph.IM",
 keywords = {methods: data analysis, methods: statistical},
     year = 2010,
    month = aug,
   volume = 719,
    pages = {900-914},
      doi = {10.1088/0004-637X/719/1/900},
   adsurl = {http://adsabs.harvard.edu/abs/2010ApJ...719..900K},
  adsnote = {Provided by the SAO/NASA Astrophysics Data System}
}


@article{GW170817-MMAD,
    author = {{Abbott}, B.~P. and others},
    title = "{Multi-messenger Observations of a Binary Neutron Star Merge}",
    journal = {\apjl},
    year = 2017,
    volume={in press.},
    doi={10.3847/2041-8213/aa91c9}
}

@ARTICLE{Coulter2017,
   author = {{Coulter}, D.~A. and others},
   title = "{Discovery of Swope Supernova Survey 17a (SSS17a),\\ the First Optical Counterpart to a\\ Gravitational Wave Source}",
   journal = {Science},
   year = 2017,
   doi={10.1126/science.aap9811}
}

@ARTICLE{GCN21529,
   author = {{Coulter}, D.~A. and {Kilpatrick}, C.~D. and {Siebert}, M.~R. and {Foley}, R.~J. and {Shappee}, M.~R. and {Drout}, J.~S. and {Piro}, A.~L.},
    title = "{LIGO/Virgo G298048: Potential optical counterpart discovered by Swope telescope}",
  journal = {GRB Coordinates Network},
     year = 2017,
   volume = 21529
}

@article{AdvLIGO,
  title = {GW150914: The Advanced LIGO Detectors in the Era of First Discoveries},
  author = {Abbott, B. P. and Abbott, R. and Abbott, T. D. and Abernathy, M. R. and Acernese, F. and Ackley, K. and Adams, C. and Adams, T. and Addesso, P. and Adhikari, R. X. and Adya, V. B. and Affeldt, C. and Agathos, M. and Agatsuma, K. and Aggarwal, N. and Aguiar, O. D. and Aiello, L. and Ain, A. and Ajith, P. and Allen, B. and Allocca, A. and Altin, P. A. and Anderson, S. B. and Anderson, W. G. and Arai, K. and Araya, M. C. and Arceneaux, C. C. and Areeda, J. S. and Arnaud, N. and Arun, K. G. and Ascenzi, S. and Ashton, G. and Ast, M. and Aston, S. M. and Astone, P. and Aufmuth, P. and Aulbert, C. and Babak, S. and Bacon, P. and Bader, M. K. M. and Baker, P. T. and Baldaccini, F. and Ballardin, G. and Ballmer, S. W. and Barayoga, J. C. and Barclay, S. E. and Barish, B. C. and Barker, D. and Barone, F. and Barr, B. and Barsotti, L. and Barsuglia, M. and Barta, D. and Bartlett, J. and Bartos, I. and Bassiri, R. and Basti, A. and Batch, J. C. and Baune, C. and Bavigadda, V. and Bazzan, M. and Behnke, B. and Bejger, M. and Bell, A. S. and Bell, C. J. and Berger, B. K. and Bergman, J. and Bergmann, G. and Berry, C. P. L. and Bersanetti, D. and Bertolini, A. and Betzwieser, J. and Bhagwat, S. and Bhandare, R. and Bilenko, I. A. and Billingsley, G. and Birch, J. and Birney, R. and Biscans, S. and Bisht, A. and Bitossi, M. and Biwer, C. and Bizouard, M. A. and Blackburn, J. K. and Blair, C. D. and Blair, D. G. and Blair, R. M. and Bloemen, S. and Bock, O. and Bodiya, T. P. and Boer, M. and Bogaert, G. and Bogan, C. and Bohe, A. and Bojtos, P. and Bond, C. and Bondu, F. and Bonnand, R. and Boom, B. A. and Bork, R. and Boschi, V. and Bose, S. and Bouffanais, Y. and Bozzi, A. and Bradaschia, C. and Brady, P. R. and Braginsky, V. B. and Branchesi, M. and Brau, J. E. and Briant, T. and Brillet, A. and Brinkmann, M. and Brisson, V. and Brockill, P. and Brooks, A. F. and Brown, D. A. and Brown, D. D. and Brown, N. M. and Buchanan, C. C. and Buikema, A. and Bulik, T. and Bulten, H. J. and Buonanno, A. and Buskulic, D. and Buy, C. and Byer, R. L. and Cadonati, L. and Cagnoli, G. and Cahillane, C. and Calder\'on Bustillo, J. and Callister, T. and Calloni, E. and Camp, J. B. and Cannon, K. C. and Cao, J. and Capano, C. D. and Capocasa, E. and Carbognani, F. and Caride, S. and Casanueva Diaz, J. and Casentini, C. and Caudill, S. and Cavagli\`a, M. and Cavalier, F. and Cavalieri, R. and Cella, G. and Cepeda, C. B. and Cerboni Baiardi, L. and Cerretani, G. and Cesarini, E. and Chakraborty, R. and Chalermsongsak, T. and Chamberlin, S. J. and Chan, M. and Chao, S. and Charlton, P. and Chassande-Mottin, E. and Chen, H. Y. and Chen, Y. and Cheng, C. and Chincarini, A. and Chiummo, A. and Cho, H. S. and Cho, M. and Chow, J. H. and Christensen, N. and Chu, Q. and Chua, S. and Chung, S. and Ciani, G. and Clara, F. and Clark, J. A. and Cleva, F. and Coccia, E. and Cohadon, P.-F. and Colla, A. and Collette, C. G. and Cominsky, L. and Constancio, M. and Conte, A. and Conti, L. and Cook, D. and Corbitt, T. R. and Cornish, N. and Corsi, A. and Cortese, S. and Costa, C. A. and Coughlin, M. W. and Coughlin, S. B. and Coulon, J.-P. and Countryman, S. T. and Couvares, P. and Cowan, E. E. and Coward, D. M. and Cowart, M. J. and Coyne, D. C. and Coyne, R. and Craig, K. and Creighton, J. D. E. and Cripe, J. and Crowder, S. G. and Cumming, A. and Cunningham, L. and Cuoco, E. and Dal Canton, T. and Danilishin, S. L. and D'Antonio, S. and Danzmann, K. and Darman, N. S. and Dattilo, V. and Dave, I. and Daveloza, H. P. and Davier, M. and Davies, G. S. and Daw, E. J. and Day, R. and DeBra, D. and Debreczeni, G. and Degallaix, J. and De Laurentis, M. and Del\'eglise, S. and Del Pozzo, W. and Denker, T. and Dent, T. and Dereli, H. and Dergachev, V. and DeRosa, R. T. and De Rosa, R. and DeSalvo, R. and Dhurandhar, S. and D\'{\i}az, M. C. and Di Fiore, L. and Di Giovanni, M. and Di Lieto, A. and Di Pace, S. and Di Palma, I. and Di Virgilio, A. and Dojcinoski, G. and Dolique, V. and Donovan, F. and Dooley, K. L. and Doravari, S. and Douglas, R. and Downes, T. P. and Drago, M. and Drever, R. W. P. and Driggers, J. C. and Du, Z. and Ducrot, M. and Dwyer, S. E. and Edo, T. B. and Edwards, M. C. and Effler, A. and Eggenstein, H.-B. and Ehrens, P. and Eichholz, J. and Eikenberry, S. S. and Engels, W. and Essick, R. C. and Etzel, T. and Evans, M. and Evans, T. M. and Everett, R. and Factourovich, M. and Fafone, V. and Fair, H. and Fairhurst, S. and Fan, X. and Fang, Q. and Farinon, S. and Farr, B. and Farr, W. M. and Favata, M. and Fays, M. and Fehrmann, H. and Fejer, M. M. and Ferrante, I. and Ferreira, E. C. and Ferrini, F. and Fidecaro, F. and Fiori, I. and Fiorucci, D. and Fisher, R. P. and Flaminio, R. and Fletcher, M. and Fournier, J.-D. and Franco, S. and Frasca, S. and Frasconi, F. and Frei, Z. and Freise, A. and Frey, R. and Frey, V. and Fricke, T. T. and Fritschel, P. and Frolov, V. V. and Fulda, P. and Fyffe, M. and Gabbard, H. A. G. and Gair, J. R. and Gammaitoni, L. and Gaonkar, S. G. and Garufi, F. and Gatto, A. and Gaur, G. and Gehrels, N. and Gemme, G. and Gendre, B. and Genin, E. and Gennai, A. and George, J. and Gergely, L. and Germain, V. and Ghosh, Archisman and Ghosh, S. and Giaime, J. A. and Giardina, K. D. and Giazotto, A. and Gill, K. and Glaefke, A. and Goetz, E. and Goetz, R. and Gondan, L. and Gonz\'alez, G. and Gonzalez Castro, J. M. and Gopakumar, A. and Gordon, N. A. and Gorodetsky, M. L. and Gossan, S. E. and Gosselin, M. and Gouaty, R. and Graef, C. and Graff, P. B. and Granata, M. and Grant, A. and Gras, S. and Gray, C. and Greco, G. and Green, A. C. and Groot, P. and Grote, H. and Grunewald, S. and Guidi, G. M. and Guo, X. and Gupta, A. and Gupta, M. K. and Gushwa, K. E. and Gustafson, E. K. and Gustafson, R. and Hacker, J. J. and Hall, B. R. and Hall, E. D. and Hammond, G. and Haney, M. and Hanke, M. M. and Hanks, J. and Hanna, C. and Hannam, M. D. and Hanson, J. and Hardwick, T. and Haris, K. and Harms, J. and Harry, G. M. and Harry, I. W. and Hart, M. J. and Hartman, M. T. and Haster, C.-J. and Haughian, K. and Heidmann, A. and Heintze, M. C. and Heitmann, H. and Hello, P. and Hemming, G. and Hendry, M. and Heng, I. S. and Hennig, J. and Heptonstall, A. W. and Heurs, M. and Hild, S. and Hoak, D. and Hodge, K. A. and Hofman, D. and Hollitt, S. E. and Holt, K. and Holz, D. E. and Hopkins, P. and Hosken, D. J. and Hough, J. and Houston, E. A. and Howell, E. J. and Hu, Y. M. and Huang, S. and Huerta, E. A. and Huet, D. and Hughey, B. and Husa, S. and Huttner, S. H. and Huynh-Dinh, T. and Idrisy, A. and Indik, N. and Ingram, D. R. and Inta, R. and Isa, H. N. and Isac, J.-M. and Isi, M. and Islas, G. and Isogai, T. and Iyer, B. R. and Izumi, K. and Jacqmin, T. and Jang, H. and Jani, K. and Jaranowski, P. and Jawahar, S. and Jim\'enez-Forteza, F. and Johnson, W. W. and Jones, D. I. and Jones, R. and Jonker, R. J. G. and Ju, L. and Kalaghatgi, C. V. and Kalogera, V. and Kandhasamy, S. and Kang, G. and Kanner, J. B. and Karki, S. and Kasprzack, M. and Katsavounidis, E. and Katzman, W. and Kaufer, S. and Kaur, T. and Kawabe, K. and Kawazoe, F. and K\'ef\'elian, F. and Kehl, M. S. and Keitel, D. and Kelley, D. B. and Kells, W. and Kennedy, R. and Key, J. S. and Khalaidovski, A. and Khalili, F. Y. and Khan, I. and Khan, S. and Khan, Z. and Khazanov, E. A. and Kijbunchoo, N. and Kim, C. and Kim, J. and Kim, K. and Kim, Nam-Gyu and Kim, Namjun and Kim, Y.-M. and King, E. J. and King, P. J. and Kinzel, D. L. and Kissel, J. S. and Kleybolte, L. and Klimenko, S. and Koehlenbeck, S. M. and Kokeyama, K. and Koley, S. and Kondrashov, V. and Kontos, A. and Korobko, M. and Korth, W. Z. and Kowalska, I. and Kozak, D. B. and Kringel, V. and Kr\'olak, A. and Krueger, C. and Kuehn, G. and Kumar, P. and Kuo, L. and Kutynia, A. and Lackey, B. D. and Landry, M. and Lange, J. and Lantz, B. and Lasky, P. D. and Lazzarini, A. and Lazzaro, C. and Leaci, P. and Leavey, S. and Lebigot, E. O. and Lee, C. H. and Lee, H. K. and Lee, H. M. and Lee, K. and Lenon, A. and Leonardi, M. and Leong, J. R. and Leroy, N. and Letendre, N. and Levin, Y. and Levine, B. M. and Li, T. G. F. and Libson, A. and Littenberg, T. B. and Lockerbie, N. A. and Logue, J. and Lombardi, A. L. and Lord, J. E. and Lorenzini, M. and Loriette, V. and Lormand, M. and Losurdo, G. and Lough, J. D. and L\"uck, H. and Lundgren, A. P. and Luo, J. and Lynch, R. and Ma, Y. and MacDonald, T. and Machenschalk, B. and MacInnis, M. and Macleod, D. M. and Maga\~na-Sandoval, F. and Magee, R. M. and Mageswaran, M. and Majorana, E. and Maksimovic, I. and Malvezzi, V. and Man, N. and Mandel, I. and Mandic, V. and Mangano, V. and Mansell, G. L. and Manske, M. and Mantovani, M. and Marchesoni, F. and Marion, F. and M\'arka, S. and M\'arka, Z. and Markosyan, A. S. and Maros, E. and Martelli, F. and Martellini, L. and Martin, I. W. and Martin, R. M. and Martynov, D. V. and Marx, J. N. and Mason, K. and Masserot, A. and Massinger, T. J. and Masso-Reid, M. and Matichard, F. and Matone, L. and Mavalvala, N. and Mazumder, N. and Mazzolo, G. and McCarthy, R. and McClelland, D. E. and McCormick, S. and McGuire, S. C. and McIntyre, G. and McIver, J. and McManus, D. J. and McWilliams, S. T. and Meacher, D. and Meadors, G. D. and Meidam, J. and Melatos, A. and Mendell, G. and Mendoza-Gandara, D. and Mercer, R. A. and Merilh, E. and Merzougui, M. and Meshkov, S. and Messenger, C. and Messick, C. and Meyers, P. M. and Mezzani, F. and Miao, H. and Michel, C. and Middleton, H. and Mikhailov, E. E. and Milano, L. and Miller, J. and Millhouse, M. and Minenkov, Y. and Ming, J. and Mirshekari, S. and Mishra, C. and Mitra, S. and Mitrofanov, V. P. and Mitselmakher, G. and Mittleman, R. and Moggi, A. and Mohan, M. and Mohapatra, S. R. P. and Montani, M. and Moore, B. C. and Moore, C. J. and Moraru, D. and Moreno, G. and Morriss, S. R. and Mossavi, K. and Mours, B. and Mow-Lowry, C. M. and Mueller, C. L. and Mueller, G. and Muir, A. W. and Mukherjee, Arunava and Mukherjee, D. and Mukherjee, S. and Mukund, N. and Mullavey, A. and Munch, J. and Murphy, D. J. and Murray, P. G. and Mytidis, A. and Nardecchia, I. and Naticchioni, L. and Nayak, R. K. and Necula, V. and Nedkova, K. and Nelemans, G. and Neri, M. and Neunzert, A. and Newton, G. and Nguyen, T. T. and Nielsen, A. B. and Nissanke, S. and Nitz, A. and Nocera, F. and Nolting, D. and Normandin, M. E. and Nuttall, L. K. and Oberling, J. and Ochsner, E. and O'Dell, J. and Oelker, E. and Ogin, G. H. and Oh, J. J. and Oh, S. H. and Ohme, F. and Oliver, M. and Oppermann, P. and Oram, Richard J. and O'Reilly, B. and O'Shaughnessy, R. and Ottaway, D. J. and Ottens, R. S. and Overmier, H. and Owen, B. J. and Pai, A. and Pai, S. A. and Palamos, J. R. and Palashov, O. and Palomba, C. and Pal-Singh, A. and Pan, H. and Pankow, C. and Pannarale, F. and Pant, B. C. and Paoletti, F. and Paoli, A. and Papa, M. A. and Paris, H. R. and Parker, W. and Pascucci, D. and Pasqualetti, A. and Passaquieti, R. and Passuello, D. and Patricelli, B. and Patrick, Z. and Pearlstone, B. L. and Pedraza, M. and Pedurand, R. and Pekowsky, L. and Pele, A. and Penn, S. and Perreca, A. and Phelps, M. and Piccinni, O. and Pichot, M. and Piergiovanni, F. and Pierro, V. and Pillant, G. and Pinard, L. and Pinto, I. M. and Pitkin, M. and Poggiani, R. and Popolizio, P. and Post, A. and Powell, J. and Prasad, J. and Predoi, V. and Premachandra, S. S. and Prestegard, T. and Price, L. R. and Prijatelj, M. and Principe, M. and Privitera, S. and Prodi, G. A. and Prokhorov, L. and Puncken, O. and Punturo, M. and Puppo, P. and P\"urrer, M. and Qi, H. and Qin, J. and Quetschke, V. and Quintero, E. A. and Quitzow-James, R. and Raab, F. J. and Rabeling, D. S. and Radkins, H. and Raffai, P. and Raja, S. and Rakhmanov, M. and Rapagnani, P. and Raymond, V. and Razzano, M. and Re, V. and Read, J. and Reed, C. M. and Regimbau, T. and Rei, L. and Reid, S. and Reitze, D. H. and Rew, H. and Reyes, S. D. and Ricci, F. and Riles, K. and Robertson, N. A. and Robie, R. and Robinet, F. and Rocchi, A. and Rolland, L. and Rollins, J. G. and Roma, V. J. and Romano, R. and Romanov, G. and Romie, J. H. and Rosi\ifmmode \acute{n}\else \'{n}\fi{}ska, D. and Rowan, S. and R\"udiger, A. and Ruggi, P. and Ryan, K. and Sachdev, S. and Sadecki, T. and Sadeghian, L. and Salconi, L. and Saleem, M. and Salemi, F. and Samajdar, A. and Sammut, L. and Sanchez, E. J. and Sandberg, V. and Sandeen, B. and Sanders, J. R. and Sassolas, B. and Sathyaprakash, B. S. and Saulson, P. R. and Sauter, O. and Savage, R. L. and Sawadsky, A. and Schale, P. and Schilling, R. and Schmidt, J. and Schmidt, P. and Schnabel, R. and Schofield, R. M. S. and Sch\"onbeck, A. and Schreiber, E. and Schuette, D. and Schutz, B. F. and Scott, J. and Scott, S. M. and Sellers, D. and Sengupta, A. S. and Sentenac, D. and Sequino, V. and Sergeev, A. and Serna, G. and Setyawati, Y. and Sevigny, A. and Shaddock, D. A. and Shah, S. and Shahriar, M. S. and Shaltev, M. and Shao, Z. and Shapiro, B. and Shawhan, P. and Sheperd, A. and Shoemaker, D. H. and Shoemaker, D. M. and Siellez, K. and Siemens, X. and Sigg, D. and Silva, A. D. and Simakov, D. and Singer, A. and Singer, L. P. and Singh, A. and Singh, R. and Singhal, A. and Sintes, A. M. and Slagmolen, B. J. J. and Smith, J. R. and Smith, N. D. and Smith, R. J. E. and Son, E. J. and Sorazu, B. and Sorrentino, F. and Souradeep, T. and Srivastava, A. K. and Staley, A. and Steinke, M. and Steinlechner, J. and Steinlechner, S. and Steinmeyer, D. and Stephens, B. C. and Stone, R. and Strain, K. A. and Straniero, N. and Stratta, G. and Strauss, N. A. and Strigin, S. and Sturani, R. and Stuver, A. L. and Summerscales, T. Z. and Sun, L. and Sutton, P. J. and Swinkels, B. L. and Szczepa\ifmmode \acute{n}\else \'{n}\fi{}czyk, M. J. and Tacca, M. and Talukder, D. and Tanner, D. B. and T\'apai, M. and Tarabrin, S. P. and Taracchini, A. and Taylor, R. and Theeg, T. and Thirugnanasambandam, M. P. and Thomas, E. G. and Thomas, M. and Thomas, P. and Thorne, K. A. and Thorne, K. S. and Thrane, E. and Tiwari, S. and Tiwari, V. and Tokmakov, K. V. and Tomlinson, C. and Tonelli, M. and Torres, C. V. and Torrie, C. I. and T\"oyr\"a, D. and Travasso, F. and Traylor, G. and Trifir\`o, D. and Tringali, M. C. and Trozzo, L. and Tse, M. and Turconi, M. and Tuyenbayev, D. and Ugolini, D. and Unnikrishnan, C. S. and Urban, A. L. and Usman, S. A. and Vahlbruch, H. and Vajente, G. and Valdes, G. and van Bakel, N. and van Beuzekom, M. and van den Brand, J. F. J. and Van Den Broeck, C. and Vander-Hyde, D. C. and van der Schaaf, L. and van Heijningen, J. V. and van Veggel, A. A. and Vardaro, M. and Vass, S. and Vas\'uth, M. and Vaulin, R. and Vecchio, A. and Vedovato, G. and Veitch, J. and Veitch, P. J. and Venkateswara, K. and Verkindt, D. and Vetrano, F. and Vicer\'e, A. and Vinciguerra, S. and Vine, D. J. and Vinet, J.-Y. and Vitale, S. and Vo, T. and Vocca, H. and Vorvick, C. and Voss, D. and Vousden, W. D. and Vyatchanin, S. P. and Wade, A. R. and Wade, L. E. and Wade, M. and Walker, M. and Wallace, L. and Walsh, S. and Wang, G. and Wang, H. and Wang, M. and Wang, X. and Wang, Y. and Ward, R. L. and Warner, J. and Was, M. and Weaver, B. and Wei, L.-W. and Weinert, M. and Weinstein, A. J. and Weiss, R. and Welborn, T. and Wen, L. and We\ss{}els, P. and Westphal, T. and Wette, K. and Whelan, J. T. and Whitcomb, S. E. and White, D. J. and Whiting, B. F. and Williams, R. D. and Williamson, A. R. and Willis, J. L. and Willke, B. and Wimmer, M. H. and Winkler, W. and Wipf, C. C. and Wittel, H. and Woan, G. and Worden, J. and Wright, J. L. and Wu, G. and Yablon, J. and Yam, W. and Yamamoto, H. and Yancey, C. C. and Yap, M. J. and Yu, H. and Yvert, M. and Zadro\ifmmode \dot{z}\else \.{z}\fi{}ny, A. and Zangrando, L. and Zanolin, M. and Zendri, J.-P. and Zevin, M. and Zhang, F. and Zhang, L. and Zhang, M. and Zhang, Y. and Zhao, C. and Zhou, M. and Zhou, Z. and Zhu, X. J. and Zucker, M. E. and Zuraw, S. E. and Zweizig, J.},
  collaboration = {LIGO Scientific Collaboration and Virgo Collaboration},
  journal = {Phys. Rev. Lett.},
  volume = {116},
  issue = {13},
  pages = {131103},
  numpages = {12},
  year = {2016},
  month = {Mar},
  publisher = {American Physical Society},
  doi = {10.1103/PhysRevLett.116.131103},
}


@ARTICLE{AdvLIGO_old_ref,
   author = {{Harry}, G.~M. and {The LIGO Scientific Collaboration}},
    title = "{Advanced LIGO: the next generation of gravitational wave detectors}",
  journal = {CQGra},
     year = 2010,
    month = apr,
   volume = 27,
   number = 8,
    pages = {084006-+},
      doi = {10.1088/0264-9381/27/8/084006},
   adsurl = {http://adsabs.harvard.edu/abs/2010CQGra..27h4006H},
  adsnote = {Provided by the SAO/NASA Astrophysics Data System}
}

@techreport{AdvVirgo,
   title = {Advanced Virgo Baseline Design},
   author = {{Virgo Collaboration}},
   type = {Virgo Technical Report},
   number = {VIR-0027A-09},
   note="\url{https://tds.ego-gw.it/itf/tds/file.php?callFile=VIR-0027A-09.pdf}",
   year = {2009}
}

@ARTICLE{3FGL,
   author = {{Acero}, F. and {Ackermann}, M. and {Ajello}, M. and {Albert}, A. and 
	{Atwood}, W.~B. and {Axelsson}, M. and {Baldini}, L. and {Ballet}, J. and 
	{Barbiellini}, G. and {Bastieri}, D. and {Belfiore}, A. and 
	{Bellazzini}, R. and {Bissaldi}, E. and {Blandford}, R.~D. and 
	{Bloom}, E.~D. and {Bogart}, J.~R. and {Bonino}, R. and {Bottacini}, E. and 
	{Bregeon}, J. and {Britto}, R.~J. and {Bruel}, P. and {Buehler}, R. and 
	{Burnett}, T.~H. and {Buson}, S. and {Caliandro}, G.~A. and 
	{Cameron}, R.~A. and {Caputo}, R. and {Caragiulo}, M. and {Caraveo}, P.~A. and 
	{Casandjian}, J.~M. and {Cavazzuti}, E. and {Charles}, E. and 
	{Chaves}, R.~C.~G. and {Chekhtman}, A. and {Cheung}, C.~C. and 
	{Chiang}, J. and {Chiaro}, G. and {Ciprini}, S. and {Claus}, R. and 
	{Cohen-Tanugi}, J. and {Cominsky}, L.~R. and {Conrad}, J. and 
	{Cutini}, S. and {D'Ammando}, F. and {de Angelis}, A. and {DeKlotz}, M. and 
	{de Palma}, F. and {Desiante}, R. and {Digel}, S.~W. and {Di Venere}, L. and 
	{Drell}, P.~S. and {Dubois}, R. and {Dumora}, D. and {Favuzzi}, C. and 
	{Fegan}, S.~J. and {Ferrara}, E.~C. and {Finke}, J. and {Franckowiak}, A. and 
	{Fukazawa}, Y. and {Funk}, S. and {Fusco}, P. and {Gargano}, F. and 
	{Gasparrini}, D. and {Giebels}, B. and {Giglietto}, N. and {Giommi}, P. and 
	{Giordano}, F. and {Giroletti}, M. and {Glanzman}, T. and {Godfrey}, G. and 
	{Grenier}, I.~A. and {Grondin}, M.-H. and {Grove}, J.~E. and 
	{Guillemot}, L. and {Guiriec}, S. and {Hadasch}, D. and {Harding}, A.~K. and 
	{Hays}, E. and {Hewitt}, J.~W. and {Hill}, A.~B. and {Horan}, D. and 
	{Iafrate}, G. and {Jogler}, T. and {J{\'o}hannesson}, G. and 
	{Johnson}, R.~P. and {Johnson}, A.~S. and {Johnson}, T.~J. and 
	{Johnson}, W.~N. and {Kamae}, T. and {Kataoka}, J. and {Katsuta}, J. and 
	{Kuss}, M. and {La Mura}, G. and {Landriu}, D. and {Larsson}, S. and 
	{Latronico}, L. and {Lemoine-Goumard}, M. and {Li}, J. and {Li}, L. and 
	{Longo}, F. and {Loparco}, F. and {Lott}, B. and {Lovellette}, M.~N. and 
	{Lubrano}, P. and {Madejski}, G.~M. and {Massaro}, F. and {Mayer}, M. and 
	{Mazziotta}, M.~N. and {McEnery}, J.~E. and {Michelson}, P.~F. and 
	{Mirabal}, N. and {Mizuno}, T. and {Moiseev}, A.~A. and {Mongelli}, M. and 
	{Monzani}, M.~E. and {Morselli}, A. and {Moskalenko}, I.~V. and 
	{Murgia}, S. and {Nuss}, E. and {Ohno}, M. and {Ohsugi}, T. and 
	{Omodei}, N. and {Orienti}, M. and {Orlando}, E. and {Ormes}, J.~F. and 
	{Paneque}, D. and {Panetta}, J.~H. and {Perkins}, J.~S. and 
	{Pesce-Rollins}, M. and {Piron}, F. and {Pivato}, G. and {Porter}, T.~A. and 
	{Racusin}, J.~L. and {Rando}, R. and {Razzano}, M. and {Razzaque}, S. and 
	{Reimer}, A. and {Reimer}, O. and {Reposeur}, T. and {Rochester}, L.~S. and 
	{Romani}, R.~W. and {Salvetti}, D. and {S{\'a}nchez-Conde}, M. and 
	{Saz Parkinson}, P.~M. and {Schulz}, A. and {Siskind}, E.~J. and 
	{Smith}, D.~A. and {Spada}, F. and {Spandre}, G. and {Spinelli}, P. and 
	{Stephens}, T.~E. and {Strong}, A.~W. and {Suson}, D.~J. and 
	{Takahashi}, H. and {Takahashi}, T. and {Tanaka}, Y. and {Thayer}, J.~G. and 
	{Thayer}, J.~B. and {Thompson}, D.~J. and {Tibaldo}, L. and 
	{Tibolla}, O. and {Torres}, D.~F. and {Torresi}, E. and {Tosti}, G. and 
	{Troja}, E. and {Van Klaveren}, B. and {Vianello}, G. and {Winer}, B.~L. and 
	{Wood}, K.~S. and {Wood}, M. and {Zimmer}, S. and {Fermi-LAT Collaboration}
	},
    title = "{Fermi Large Area Telescope Third Source Catalog}",
  journal = {\apjs},
archivePrefix = "arXiv",
   eprint = {1501.02003},
 primaryClass = "astro-ph.HE",
 keywords = {catalogs, gamma rays: general},
     year = 2015,
    month = jun,
   volume = 218,
      eid = {23},
    pages = {23},
      doi = {10.1088/0067-0049/218/2/23},
   adsurl = {http://adsabs.harvard.edu/abs/2015ApJS..218...23A},
  adsnote = {Provided by the SAO/NASA Astrophysics Data System}
}

@ARTICLE{Ackermann2016,
   author = {{Ackermann}, M. and {Ajello}, M. and {Albert}, A. and {Anderson}, B. and 
	{Arimoto}, M. and {Atwood}, W.~B. and {Axelsson}, M. and {Baldini}, L. and 
	{Ballet}, J. and {Barbiellini}, G. and {Baring}, M.~G. and {Bastieri}, D. and 
	{Becerra Gonzalez}, J. and {Bellazzini}, R. and {Bissaldi}, E. and 
	{Blandford}, R.~D. and {Bloom}, E.~D. and {Bonino}, R. and {Bottacini}, E. and 
	{Brandt}, T.~J. and {Bregeon}, J. and {Britto}, R.~J. and {Bruel}, P. and 
	{Buehler}, R. and {Burnett}, T.~H. and {Buson}, S. and {Caliandro}, G.~A. and 
	{Cameron}, R.~A. and {Caputo}, R. and {Caragiulo}, M. and {Caraveo}, P.~A. and 
	{Casandjian}, J.~M. and {Cavazzuti}, E. and {Charles}, E. and 
	{Chekhtman}, A. and {Chiang}, J. and {Chiaro}, G. and {Ciprini}, S. and 
	{Cohen-Tanugi}, J. and {Cominsky}, L.~R. and {Condon}, B. and 
	{Costanza}, F. and {Cuoco}, A. and {Cutini}, S. and {D'Ammando}, F. and 
	{de Palma}, F. and {Desiante}, R. and {Digel}, S.~W. and {Di Lalla}, N. and 
	{Di Mauro}, M. and {Di Venere}, L. and {Dom{\'{\i}}nguez}, A. and 
	{Drell}, P.~S. and {Dubois}, R. and {Dumora}, D. and {Favuzzi}, C. and 
	{Fegan}, S.~J. and {Ferrara}, E.~C. and {Franckowiak}, A. and 
	{Fukazawa}, Y. and {Funk}, S. and {Fusco}, P. and {Gargano}, F. and 
	{Gasparrini}, D. and {Gehrels}, N. and {Giglietto}, N. and {Giomi}, M. and 
	{Giommi}, P. and {Giordano}, F. and {Giroletti}, M. and {Glanzman}, T. and 
	{Godfrey}, G. and {Gomez-Vargas}, G.~A. and {Granot}, J. and 
	{Green}, D. and {Grenier}, I.~A. and {Grondin}, M.-H. and {Grove}, J.~E. and 
	{Guillemot}, L. and {Guiriec}, S. and {Hadasch}, D. and {Harding}, A.~K. and 
	{Hays}, E. and {Hewitt}, J.~W. and {Hill}, A.~B. and {Horan}, D. and 
	{Jogler}, T. and {J{\'o}hannesson}, G. and {Kamae}, T. and {Kensei}, S. and 
	{Kocevski}, D. and {Kuss}, M. and {La Mura}, G. and {Larsson}, S. and 
	{Latronico}, L. and {Lemoine-Goumard}, M. and {Li}, J. and {Li}, L. and 
	{Longo}, F. and {Loparco}, F. and {Lovellette}, M.~N. and {Lubrano}, P. and 
	{Madejski}, G.~M. and {Magill}, J. and {Maldera}, S. and {Manfreda}, A. and 
	{Marelli}, M. and {Mayer}, M. and {Mazziotta}, M.~N. and {McEnery}, J.~E. and 
	{Meyer}, M. and {Michelson}, P.~F. and {Mirabal}, N. and {Mizuno}, T. and 
	{Moiseev}, A.~A. and {Monzani}, M.~E. and {Moretti}, E. and 
	{Morselli}, A. and {Moskalenko}, I.~V. and {Murgia}, S. and 
	{Negro}, M. and {Nuss}, E. and {Ohsugi}, T. and {Omodei}, N. and 
	{Orienti}, M. and {Orlando}, E. and {Ormes}, J.~F. and {Paneque}, D. and 
	{Perkins}, J.~S. and {Pesce-Rollins}, M. and {Piron}, F. and 
	{Pivato}, G. and {Porter}, T.~A. and {Racusin}, J.~L. and {Rain{\`o}}, S. and 
	{Rando}, R. and {Razzaque}, S. and {Reimer}, A. and {Reimer}, O. and 
	{Reposeur}, T. and {Ritz}, S. and {Rochester}, L.~S. and {Romani}, R.~W. and 
	{Saz Parkinson}, P.~M. and {Sgr{\`o}}, C. and {Simone}, D. and 
	{Siskind}, E.~J. and {Smith}, D.~A. and {Spada}, F. and {Spandre}, G. and 
	{Spinelli}, P. and {Suson}, D.~J. and {Tajima}, H. and {Thayer}, J.~G. and 
	{Thayer}, J.~B. and {Thompson}, D.~J. and {Tibaldo}, L. and 
	{Torres}, D.~F. and {Troja}, E. and {Uchiyama}, Y. and {Venters}, T.~M. and 
	{Vianello}, G. and {Wood}, K.~S. and {Wood}, M. and {Zaharijas}, G. and 
	{Zhu}, S. and {Zimmer}, S.},
    title = "{Fermi-LAT Observations of the LIGO Event GW150914}",
  journal = {\apjl},
archivePrefix = "arXiv",
   eprint = {1602.04488},
 primaryClass = "astro-ph.HE",
 keywords = {gamma-ray burst: general, gamma-rays: general, gravitational waves, methods: observational},
     year = 2016,
    month = may,
   volume = 823,
      eid = {L2},
    pages = {L2},
      doi = {10.3847/2041-8205/823/1/L2},
   adsurl = {http://adsabs.harvard.edu/abs/2016ApJ...823L...2A},
  adsnote = {Provided by the SAO/NASA Astrophysics Data System}
}

@ARTICLE{Racusin2017,
   author = {{Racusin}, J.~L. and {Burns}, E. and {Goldstein}, A. and {Connaughton}, V. and 
	{Wilson-Hodge}, C.~A. and {Jenke}, P. and {Blackburn}, L. and 
	{Briggs}, M.~S. and {Broida}, J. and {Camp}, J. and {Christensen}, N. and 
	{Hui}, C.~M. and {Littenberg}, T. and {Shawhan}, P. and {Singer}, L. and 
	{Veitch}, J. and {Bhat}, P.~N. and {Cleveland}, W. and {Fitzpatrick}, G. and 
	{Gibby}, M.~H. and {von Kienlin}, A. and {McBreen}, S. and {Mailyan}, B. and 
	{Meegan}, C.~A. and {Paciesas}, W.~S. and {Preece}, R.~D. and 
	{Roberts}, O.~J. and {Stanbro}, M. and {Veres}, P. and {Zhang}, B.-B. and 
	{Fermi LAT Collaboration} and {Ackermann}, M. and {Albert}, A. and 
	{Atwood}, W.~B. and {Axelsson}, M. and {Baldini}, L. and {Ballet}, J. and 
	{Barbiellini}, G. and {Baring}, M.~G. and {Bastieri}, D. and 
	{Bellazzini}, R. and {Bissaldi}, E. and {Blandford}, R.~D. and 
	{Bloom}, E.~D. and {Bonino}, R. and {Bregeon}, J. and {Bruel}, P. and 
	{Buson}, S. and {Caliandro}, G.~A. and {Cameron}, R.~A. and 
	{Caputo}, R. and {Caragiulo}, M. and {Caraveo}, P.~A. and {Cavazzuti}, E. and 
	{Charles}, E. and {Chiang}, J. and {Ciprini}, S. and {Costanza}, F. and 
	{Cuoco}, A. and {Cutini}, S. and {D'Ammando}, F. and {de Palma}, F. and 
	{Desiante}, R. and {Digel}, S.~W. and {Di Lalla}, N. and {Di Mauro}, M. and 
	{Di Venere}, L. and {Drell}, P.~S. and {Favuzzi}, C. and {Ferrara}, E.~C. and 
	{Focke}, W.~B. and {Fukazawa}, Y. and {Funk}, S. and {Fusco}, P. and 
	{Gargano}, F. and {Gasparrini}, D. and {Giglietto}, N. and {Gill}, R. and 
	{Giroletti}, M. and {Glanzman}, T. and {Granot}, J. and {Green}, D. and 
	{Grove}, J.~E. and {Guillemot}, L. and {Guiriec}, S. and {Harding}, A.~K. and 
	{Jogler}, T. and {J{\'o}hannesson}, G. and {Kamae}, T. and {Kensei}, S. and 
	{Kocevski}, D. and {Kuss}, M. and {Larsson}, S. and {Latronico}, L. and 
	{Li}, J. and {Longo}, F. and {Loparco}, F. and {Lubrano}, P. and 
	{Magill}, J.~D. and {Maldera}, S. and {Malyshev}, D. and {Mazziotta}, M.~N. and 
	{McEnery}, J.~E. and {Michelson}, P.~F. and {Mizuno}, T. and 
	{Monzani}, M.~E. and {Morselli}, A. and {Moskalenko}, I.~V. and 
	{Negro}, M. and {Nuss}, E. and {Omodei}, N. and {Orienti}, M. and 
	{Orlando}, E. and {Ormes}, J.~F. and {Paneque}, D. and {Perkins}, J.~S. and 
	{Pesce-Rollins}, M. and {Piron}, F. and {Pivato}, G. and {Porter}, T.~A. and 
	{Principe}, G. and {Rain{\`o}}, S. and {Rando}, R. and {Razzano}, M. and 
	{Razzaque}, S. and {Reimer}, A. and {Reimer}, O. and {Saz Parkinson}, P.~M. and 
	{Scargle}, J.~D. and {Sgr{\`o}}, C. and {Simone}, D. and {Siskind}, E.~J. and 
	{Smith}, D.~A. and {Spada}, F. and {Spinelli}, P. and {Suson}, D.~J. and 
	{Tajima}, H. and {Thayer}, J.~B. and {Torres}, D.~F. and {Troja}, E. and 
	{Uchiyama}, Y. and {Vianello}, G. and {Wood}, K.~S. and {Wood}, M.
	},
    title = "{Searching the Gamma-Ray Sky for Counterparts to Gravitational Wave Sources: /Fermi GBM and LAT Observations of LVT151012 and GW151226}",
  journal = {\apj},
archivePrefix = "arXiv",
   eprint = {1606.04901},
 primaryClass = "astro-ph.HE",
 keywords = {gamma rays: general, gravitational waves, methods: observational},
     year = 2017,
    month = jan,
   volume = 835,
      eid = {82},
    pages = {82},
      doi = {10.3847/1538-4357/835/1/82},
   adsurl = {http://adsabs.harvard.edu/abs/2017ApJ...835...82R},
  adsnote = {Provided by the SAO/NASA Astrophysics Data System}
}

@ARTICLE{Vianello2017,
   author = {{Vianello}, G. and {Omodei}, N. and {Chiang}, J. and {Digel}, S.
	},
    title = "{Searching for High-energy Gamma-ray Counterparts to Gravitational-wave Sources with Fermi-LAT: A Needle in a Haystack}",
  journal = {\apjl},
archivePrefix = "arXiv",
   eprint = {1607.01793},
 primaryClass = "astro-ph.HE",
 keywords = {gamma rays: general, gravitational waves, methods: observational},
     year = 2017,
    month = may,
   volume = 841,
      eid = {L16},
    pages = {L16},
      doi = {10.3847/2041-8213/aa7262},
   adsurl = {http://adsabs.harvard.edu/abs/2017ApJ...841L..16V},
  adsnote = {Provided by the SAO/NASA Astrophysics Data System}
}



@ARTICLE{Abdollahi2017,
   author = {{Abdollahi}, S. and {Ackermann}, M. and {Ajello}, M. and {Albert}, A. and 
	{Baldini}, L. and {Ballet}, J. and {Barbiellini}, G. and {Bastieri}, D. and 
	{Becerra Gonzalez}, J. and {Bellazzini}, R. and {Bissaldi}, E. and 
	{Blandford}, R.~D. and {Bloom}, E.~D. and {Bonino}, R. and {Bottacini}, E. and 
	{Bregeon}, J. and {Bruel}, P. and {Buehler}, R. and {Buson}, S. and 
	{Cameron}, R.~A. and {Caragiulo}, M. and {Caraveo}, P.~A. and 
	{Cavazzuti}, E. and {Cecchi}, C. and {Chekhtman}, A. and {Cheung}, C.~C. and 
	{Chiaro}, G. and {Ciprini}, S. and {Conrad}, J. and {Costantin}, D. and 
	{Costanza}, F. and {Cutini}, S. and {D{\rsquo}Ammando}, F. and 
	{de Palma}, F. and {Desai}, A. and {Desiante}, R. and {Digel}, S.~W. and 
	{Di Lalla}, N. and {Di Mauro}, M. and {Di Venere}, L. and {Donaggio}, B. and 
	{Drell}, P.~S. and {Favuzzi}, C. and {Fegan}, S.~J. and {Ferrara}, E.~C. and 
	{Focke}, W.~B. and {Franckowiak}, A. and {Fukazawa}, Y. and 
	{Funk}, S. and {Fusco}, P. and {Gargano}, F. and {Gasparrini}, D. and 
	{Giglietto}, N. and {Giomi}, M. and {Giordano}, F. and {Giroletti}, M. and 
	{Glanzman}, T. and {Green}, D. and {Grenier}, I.~A. and {Grove}, J.~E. and 
	{Guillemot}, L. and {Guiriec}, S. and {Hays}, E. and {Horan}, D. and 
	{Jogler}, T. and {J{\'o}hannesson}, G. and {Johnson}, A.~S. and 
	{Kocevski}, D. and {Kuss}, M. and {La Mura}, G. and {Larsson}, S. and 
	{Latronico}, L. and {Li}, J. and {Longo}, F. and {Loparco}, F. and 
	{Lovellette}, M.~N. and {Lubrano}, P. and {Magill}, J.~D. and 
	{Maldera}, S. and {Manfreda}, A. and {Mayer}, M. and {Mazziotta}, M.~N. and 
	{Michelson}, P.~F. and {Mitthumsiri}, W. and {Mizuno}, T. and 
	{Monzani}, M.~E. and {Morselli}, A. and {Moskalenko}, I.~V. and 
	{Negro}, M. and {Nuss}, E. and {Ohsugi}, T. and {Omodei}, N. and 
	{Orienti}, M. and {Orlando}, E. and {Paliya}, V.~S. and {Paneque}, D. and 
	{Perkins}, J.~S. and {Persic}, M. and {Pesce-Rollins}, M. and 
	{Petrosian}, V. and {Piron}, F. and {Porter}, T.~A. and {Principe}, G. and 
	{Rain{\`o}}, S. and {Rando}, R. and {Razzano}, M. and {Razzaque}, S. and 
	{Reimer}, A. and {Reimer}, O. and {Sgr{\`o}}, C. and {Simone}, D. and 
	{Siskind}, E.~J. and {Spada}, F. and {Spandre}, G. and {Spinelli}, P. and 
	{Stawarz}, L. and {Suson}, D.~J. and {Takahashi}, M. and {Tanaka}, K. and 
	{Thayer}, J.~B. and {Thompson}, D.~J. and {Torres}, D.~F. and 
	{Torresi}, E. and {Tosti}, G. and {Troja}, E. and {Vianello}, G. and 
	{Wood}, K.~S.},
    title = "{The Second Catalog of Flaring Gamma-Ray Sources from the Fermi All-sky Variability Analysis}",
  journal = {\apj},
archivePrefix = "arXiv",
   eprint = {1612.03165},
 primaryClass = "astro-ph.HE",
 keywords = {astroparticle physics, catalogs, galaxies: active, gamma rays: general, techniques: photometric },
     year = 2017,
    month = sep,
   volume = 846,
      eid = {34},
    pages = {34},
      doi = {10.3847/1538-4357/aa8092},
   adsurl = {http://adsabs.harvard.edu/abs/2017ApJ...846...34A},
  adsnote = {Provided by the SAO/NASA Astrophysics Data System}
}

@ARTICLE{FAVA2013,
   author = {{Ackermann}, M. and {Ajello}, M. and {Albert}, A. and {Allafort}, A. and 
	{Antolini}, E. and {Baldini}, L. and {Ballet}, J. and {Barbiellini}, G. and 
	{Bastieri}, D. and {Bechtol}, K. and {Bellazzini}, R. and {Blandford}, R.~D. and 
	{Bloom}, E.~D. and {Bonamente}, E. and {Bottacini}, E. and {Bouvier}, A. and 
	{Brandt}, T.~J. and {Bregeon}, J. and {Brigida}, M. and {Bruel}, P. and 
	{Buehler}, R. and {Buson}, S. and {Caliandro}, G.~A. and {Cameron}, R.~A. and 
	{Caraveo}, P.~A. and {Cavazzuti}, E. and {Cecchi}, C. and {Charles}, E. and 
	{Chekhtman}, A. and {Cheung}, C.~C. and {Chiang}, J. and {Chiaro}, G. and 
	{Ciprini}, S. and {Claus}, R. and {Cohen-Tanugi}, J. and {Conrad}, J. and 
	{Cutini}, S. and {Dalton}, M. and {D'Ammando}, F. and {de Angelis}, A. and 
	{de Palma}, F. and {Dermer}, C.~D. and {Di Venere}, L. and {Drell}, P.~S. and 
	{Drlica-Wagner}, A. and {Favuzzi}, C. and {Fegan}, S.~J. and 
	{Ferrara}, E.~C. and {Focke}, W.~B. and {Franckowiak}, A. and 
	{Fukazawa}, Y. and {Funk}, S. and {Fusco}, P. and {Gargano}, F. and 
	{Gasparrini}, D. and {Germani}, S. and {Giglietto}, N. and {Giordano}, F. and 
	{Giroletti}, M. and {Glanzman}, T. and {Godfrey}, G. and {Grenier}, I.~A. and 
	{Grondin}, M.-H. and {Grove}, J.~E. and {Guiriec}, S. and {Hadasch}, D. and 
	{Hanabata}, Y. and {Harding}, A.~K. and {Hayashida}, M. and 
	{Hays}, E. and {Hewitt}, J. and {Hill}, A.~B. and {Horan}, D. and 
	{Hou}, X. and {Hughes}, R.~E. and {Inoue}, Y. and {Jackson}, M.~S. and 
	{Jogler}, T. and {J{\'o}hannesson}, G. and {Johnson}, W.~N. and 
	{Kamae}, T. and {Kataoka}, J. and {Kawano}, T. and {Kn{\"o}dlseder}, J. and 
	{Kuss}, M. and {Lande}, J. and {Larsson}, S. and {Latronico}, L. and 
	{Lemoine-Goumard}, M. and {Longo}, F. and {Loparco}, F. and 
	{Lott}, B. and {Lovellette}, M.~N. and {Lubrano}, P. and {Mayer}, M. and 
	{Mazziotta}, M.~N. and {McEnery}, J.~E. and {Michelson}, P.~F. and 
	{Mitthumsiri}, W. and {Mizuno}, T. and {Monte}, C. and {Monzani}, M.~E. and 
	{Morselli}, A. and {Moskalenko}, I.~V. and {Murgia}, S. and 
	{Nemmen}, R. and {Nuss}, E. and {Ohsugi}, T. and {Okumura}, A. and 
	{Omodei}, N. and {Orienti}, M. and {Orlando}, E. and {Ormes}, J.~F. and 
	{Paneque}, D. and {Panetta}, J.~H. and {Perkins}, J.~S. and 
	{Pesce-Rollins}, M. and {Piron}, F. and {Pivato}, G. and {Porter}, T.~A. and 
	{Rain{\`o}}, S. and {Rando}, R. and {Razzano}, M. and {Reimer}, A. and 
	{Reimer}, O. and {Romoli}, C. and {Roth}, M. and {S{\'a}nchez-Conde}, M. and 
	{Scargle}, J.~D. and {Schulz}, A. and {Sgr{\`o}}, C. and {Siskind}, E.~J. and 
	{Spandre}, G. and {Spinelli}, P. and {Suson}, D.~J. and {Takahashi}, H. and 
	{Takeuchi}, Y. and {Thayer}, J.~G. and {Thayer}, J.~B. and {Thompson}, D.~J. and 
	{Tibaldo}, L. and {Tinivella}, M. and {Torres}, D.~F. and {Tosti}, G. and 
	{Troja}, E. and {Tronconi}, V. and {Usher}, T.~L. and {Vandenbroucke}, J. and 
	{Vasileiou}, V. and {Vianello}, G. and {Vitale}, V. and {Winer}, B.~L. and 
	{Wood}, K.~S. and {Wood}, M. and {Yang}, Z.},
    title = "{The Fermi All-sky Variability Analysis: A List of Flaring Gamma-Ray Sources and the Search for Transients in Our Galaxy}",
  journal = {\apj},
archivePrefix = "arXiv",
   eprint = {1304.6082},
 primaryClass = "astro-ph.HE",
 keywords = {binaries: general, BL Lacertae objects: general, catalogs, galaxies: active, stars: flare, surveys },
     year = 2013,
    month = jul,
   volume = 771,
      eid = {57},
    pages = {57},
      doi = {10.1088/0004-637X/771/1/57},
   adsurl = {http://adsabs.harvard.edu/abs/2013ApJ...771...57A},
  adsnote = {Provided by the SAO/NASA Astrophysics Data System}
}
@ARTICLE{GCN21787,
    title = {LIGO/Virgo G298048: Chandra monitoring of the X-ray emission from SSS17a},
    author = {E. Troja and others},
    journal = {GCN},
    volume = {21787},
    pages = {1-+},
    year = {2017},
    month = sep
}
@ARTICLE{Troja:2017,
   author = {{Troja}, E. and {Piro}, L. and {van Eerten}, H. and {Wollaeger}, R.~T. and 
        {Im}, M. and {Fox}, O.~D. and {Butler}, N.~R. and {Cenko}, S.~B. and {Sakamoto}, T. and 
	{Fyer}, C.~L. and {Ricci}, R. and {Lien}, A. and {others}, many},
    title = "{Discovery of the X-ray counterpart to the gravitational-wave event GW170817}",
  journal = {\nat},
     year = 2017,
    month = oct,
   volume = {},
    pages = {},
      doi = {10.1038/nature24290}
}

@ARTICLE{GCN21814,
    title = {LIGO/VIRGO G298048: Radio detection of SSS17a at 3GHz with the VLA/JAGWAR},
    author = {K. P. Mooley  and others},
    journal = {GCN},
    volume = {21814},
    pages = {1-+},
    year = {2017},
    month = sep
}

@ARTICLE{Granot:2002,
   author = {{Granot}, J. and {Panaitescu}, A. and {Kumar}, P. and {Woosley}, S.~E.
	},
    title = "{Off-Axis Afterglow Emission from Jetted Gamma-Ray Bursts}",
  journal = {\apjl},
   eprint = {astro-ph/0201322},
 keywords = {Gamma Rays: Bursts, ISM: Jets and Outflows, Radiation Mechanisms: Nonthermal},
     year = 2002,
    month = may,
   volume = 570,
    pages = {L61-L64},
      doi = {10.1086/340991},
   adsurl = {http://adsabs.harvard.edu/abs/2002ApJ...570L..61G},
  adsnote = {Provided by the SAO/NASA Astrophysics Data System}
}
@ARTICLE{Moderski:2000,
   author = {{Moderski}, R. and {Sikora}, M. and {Bulik}, T.},
    title = "{On Beaming Effects in Afterglow Light Curves}",
  journal = {\apj},
   eprint = {astro-ph/9904310},
 keywords = {GAMMA RAYS: BURSTS, SHOCK WAVES, Gamma Rays: Bursts, Shock Waves},
     year = 2000,
    month = jan,
   volume = 529,
    pages = {151-156},
      doi = {10.1086/308257},
   adsurl = {http://adsabs.harvard.edu/abs/2000ApJ...529..151M},
  adsnote = {Provided by the SAO/NASA Astrophysics Data System}
}

@ARTICLE{Rossi:2002,
   author = {{Rossi}, E. and {Lazzati}, D. and {Rees}, M.~J.},
    title = "{Afterglow light curves, viewing angle and the jet structure of {$\gamma$}-ray bursts}",
  journal = {\mnras},
   eprint = {astro-ph/0112083},
 keywords = {gamma-rays: bursts, X-rays: general, X-rays: ISM},
     year = 2002,
    month = jun,
   volume = 332,
    pages = {945-950},
      doi = {10.1046/j.1365-8711.2002.05363.x},
   adsurl = {http://adsabs.harvard.edu/abs/2002MNRAS.332..945R},
  adsnote = {Provided by the SAO/NASA Astrophysics Data System}
}

@ARTICLE{Dalal:2002,
   author = {{Dalal}, N. and {Griest}, K. and {Pruet}, J.},
    title = "{The Difficulty in Using Orphan Afterglows to Measure Gamma-Ray Burst Beaming}",
  journal = {\apj},
   eprint = {astro-ph/0103436},
 keywords = {Gamma Rays: Bursts, Gamma Rays: Theory},
     year = 2002,
    month = jan,
   volume = 564,
    pages = {209-215},
      doi = {10.1086/324142},
   adsurl = {http://adsabs.harvard.edu/abs/2002ApJ...564..209D},
  adsnote = {Provided by the SAO/NASA Astrophysics Data System}
}

@ARTICLE{2016A&A...594A..13P,
   author = {{Planck Collaboration} and {Ade}, P.~A.~R. and {Aghanim}, N. and 
	{Arnaud}, M. and {Ashdown}, M. and {Aumont}, J. and {Baccigalupi}, C. and 
	{Banday}, A.~J. and {Barreiro}, R.~B. and {Bartlett}, J.~G., et al.},
    title = "{Planck 2015 results. XIII. Cosmological parameters}",
  journal = {\aap},
archivePrefix = "arXiv",
   eprint = {1502.01589},
 keywords = {cosmology: observations, cosmology: theory, cosmic background radiation, cosmological parameters},
     year = 2016,
    month = sep,
   volume = 594,
      eid = {A13},
    pages = {A13},
      doi = {10.1051/0004-6361/201525830},
   adsurl = {http://adsabs.harvard.edu/abs/2016A%26A...594A..13P},
  adsnote = {Provided by the SAO/NASA Astrophysics Data System}
}


@ARTICLE{Avanzo:2015,
   author = {{D'Avanzo}, P.},
    title = "{Short gamma-ray bursts: A review}",
  journal = {Journal of High Energy Astrophysics},
     year = 2015,
    month = sep,
   volume = 7,
    pages = {73-80},
      doi = {10.1016/j.jheap.2015.07.002},
   adsurl = {http://adsabs.harvard.edu/abs/2015JHEAp...7...73D},
  adsnote = {Provided by the SAO/NASA Astrophysics Data System}
}

@INPROCEEDINGS{Derishev:2005,
   author = {{Derishev}, E.~V. and {Aharonian}, F.~A. and {Kocharovsky}, V.~V.
	},
    title = "{High-energy emission from off-axis relativistic jets}",
 keywords = {Jets and bursts, galactic winds and fountains, Active and peculiar galaxies and related systems, gamma-ray sources, gamma-ray bursts},
booktitle = {High Energy Gamma-Ray Astronomy},
     year = 2005,
   series = {American Institute of Physics Conference Series},
   volume = 745,
   eprint = {astro-ph/0501197},
   editor = {{Aharonian}, F.~A. and {V{\"o}lk}, H.~J. and {Horns}, D.},
    month = feb,
    pages = {510-515},
      doi = {10.1063/1.1878454},
   adsurl = {http://adsabs.harvard.edu/abs/2005AIPC..745..510D},
  adsnote = {Provided by the SAO/NASA Astrophysics Data System}
}

@ARTICLE{GCN21507,
    title = {LIGO/Virgo G298048: INTEGRAL detection of a prompt gamma-ray counterpart},
    author = {{Savchenko}, V.  and others},
    journal = {GCN},
    volume = {21507},
    pages = {1-+},
    year = {2017},
    month = aug
}

@ARTICLE{Savcheno2017,
   author = {{Savchenko}, V.  and {Ferrigno}, C. and {Kuulkers}, E.
   and {Bazzano}, A. and {Bozzo}, E. and {Brandt}, S. and
   {Courvoisier}, T.~J.-L. and {Diehl}, R.
   and {Hanlon}, L.  and {Laurent}, P. and {Mereghetti}, S.
   and {Roques}, J.~P. and {Ubertini}, P.},
    title = "{INTEGRAL detection of the first prompt gamma-ray signal
  coincident with the gravitational wave event GW170817}",
  journal = {ApJL, in press},
     year = 2017,
   volume = {},
}

@ARTICLE{2008MNRAS.385L..10T,
   author = {{Troja}, E. and {King}, A.~R. and {O'Brien}, P.~T. and {Lyons}, N. and 
	{Cusumano}, G.},
    title = "{Different progenitors of short hard gamma-ray bursts}",
  journal = {\mnras},
archivePrefix = "arXiv",
   eprint = {0711.3034},
 keywords = {stars: neutron, gamma-rays: bursts},
     year = 2008,
    month = mar,
   volume = 385,
    pages = {L10-L14},
      doi = {10.1111/j.1745-3933.2007.00421.x},
   adsurl = {http://adsabs.harvard.edu/abs/2008MNRAS.385L..10T},
  adsnote = {Provided by the SAO/NASA Astrophysics Data System}
}

@ARTICLE{2009A&A...498..711D,
   author = {{D'Avanzo}, P. and {Malesani}, D. and {Covino}, S. and {Piranomonte}, S. and 
	{Grazian}, A. and {Fugazza}, D. and {Margutti}, R. and {D'Elia}, V. and 
	{Antonelli}, L.~A. and {Campana}, S. and {Chincarini}, G. and 
	{Della Valle}, M. and {Fiore}, F. and {Goldoni}, P. and {Mao}, J. and 
	{Perna}, R. and {Salvaterra}, R. and {Stella}, L. and {Stratta}, G. and 
	{Tagliaferri}, G.},
    title = "{The optical afterglows and host galaxies of three short/hard gamma-ray bursts}",
  journal = {\aap},
archivePrefix = "arXiv",
   eprint = {0901.4038},
 primaryClass = "astro-ph.CO",
 keywords = {gamma rays: bursts},
     year = 2009,
    month = may,
   volume = 498,
    pages = {711-721},
      doi = {10.1051/0004-6361/200811294},
   adsurl = {http://adsabs.harvard.edu/abs/2009A%26A...498..711D},
  adsnote = {Provided by the SAO/NASA Astrophysics Data System}
}

@ARTICLE{2016ApJ...827..102T,
   author = {{Troja}, E. and {Sakamoto}, T. and {Cenko}, S.~B. and {Lien}, A. and 
	{Gehrels}, N. and {Castro-Tirado}, A.~J. and {Ricci}, R. and 
	{Capone}, J. and {Toy}, V. and {Kutyrev}, A. and {Kawai}, N. and 
	{Cucchiara}, A. and {Fruchter}, A. and {Gorosabel}, J. and {Jeong}, S. and 
	{Levan}, A. and {Perley}, D. and {Sanchez-Ramirez}, R. and {Tanvir}, N. and 
	{Veilleux}, S.},
    title = "{An Achromatic Break in the Afterglow of the Short GRB 140903A: Evidence for a Narrow Jet}",
  journal = {\apj},
archivePrefix = "arXiv",
   eprint = {1605.03573},
 primaryClass = "astro-ph.HE",
 keywords = {gamma-ray burst: individual: GRB 140903A, X-rays: bursts},
     year = 2016,
    month = aug,
   volume = 827,
      eid = {102},
    pages = {102},
      doi = {10.3847/0004-637X/827/2/102},
   adsurl = {http://adsabs.harvard.edu/abs/2016ApJ...827..102T},
  adsnote = {Provided by the SAO/NASA Astrophysics Data System}
}

@ARTICLE{tlf+2013,
   author = {{Tanvir}, N.~R. and {Levan}, A.~J. and {Fruchter}, A.~S. and 
	{Hjorth}, J. and {Hounsell}, R.~A. and {Wiersema}, K. and {Tunnicliffe}, R.~L.
	},
    title = "{A `kilonova' associated with the short-duration {$\gamma$}-ray burst GRB 130603B}",
  journal = {\nat},
archivePrefix = "arXiv",
   eprint = {1306.4971},
 primaryClass = "astro-ph.HE",
     year = 2013,
    month = aug,
   volume = 500,
    pages = {547-549},
      doi = {10.1038/nature12505},
   adsurl = {http://adsabs.harvard.edu/abs/2013Natur.500..547T},
  adsnote = {Provided by the SAO/NASA Astrophysics Data System}
}

@ARTICLE{Yang2015NatCo...6E7323Y,
   author = {{Yang}, B. and {Jin}, Z.-P. and {Li}, X. and {Covino}, S. and 
	{Zheng}, X.-Z. and {Hotokezaka}, K. and {Fan}, Y.-Z. and {Piran}, T. and 
	{Wei}, D.-M.},
    title = "{A possible macronova in the late afterglow of the long-short burst GRB 060614}",
  journal = {Nature Communications},
archivePrefix = "arXiv",
   eprint = {1503.07761},
 primaryClass = "astro-ph.HE",
     year = 2015,
    month = jun,
   volume = 6,
      eid = {7323},
    pages = {7323},
      doi = {10.1038/ncomms8323},
   adsurl = {http://adsabs.harvard.edu/abs/2015NatCo...6E7323Y},
  adsnote = {Provided by the SAO/NASA Astrophysics Data System}
}

@ARTICLE{Jin2016NatCo...712898J,
   author = {{Jin}, Z.-P. and {Hotokezaka}, K. and {Li}, X. and {Tanaka}, M. and 
	{D'Avanzo}, P. and {Fan}, Y.-Z. and {Covino}, S. and {Wei}, D.-M. and 
	{Piran}, T.},
    title = "{The Macronova in GRB 050709 and the GRB-macronova connection}",
  journal = {Nature Communications},
archivePrefix = "arXiv",
   eprint = {1603.07869},
 primaryClass = "astro-ph.HE",
     year = 2016,
    month = sep,
   volume = 7,
      eid = {12898},
    pages = {12898},
      doi = {10.1038/ncomms12898},
   adsurl = {http://adsabs.harvard.edu/abs/2016NatCo...712898J},
  adsnote = {Provided by the SAO/NASA Astrophysics Data System}
}

@ARTICLE{Ackermann2013,
   author = {{Ackermann}, M. and {Ajello}, M. and {Asano}, K. and {Baldini}, L. and 
	{Barbiellini}, G. and {Baring}, M.~G. and {Bastieri}, D. and 
	{Bellazzini}, R. and {Blandford}, R.~D. and {Bonamente}, E. and 
	{Borgland}, A.~W. and {Bottacini}, E. and {Bregeon}, J. and 
	{Brigida}, M. and {Bruel}, P. and {Buehler}, R. and {Buson}, S. and 
	{Caliandro}, G.~A. and {Cameron}, R.~A. and {Caraveo}, P.~A. and 
	{Cecchi}, C. and {Charles}, E. and {Chaves}, R.~C.~G. and {Chekhtman}, A. and 
	{Chiang}, J. and {Ciprini}, S. and {Claus}, R. and {Cohen-Tanugi}, J. and 
	{Conrad}, J. and {Cutini}, S. and {D'Ammando}, F. and {de Angelis}, A. and 
	{de Palma}, F. and {Dermer}, C.~D. and {Silva}, E.~d.~C.~e. and 
	{Drell}, P.~S. and {Drlica-Wagner}, A. and {Favuzzi}, C. and 
	{Fegan}, S.~J. and {Focke}, W.~B. and {Franckowiak}, A. and 
	{Fukazawa}, Y. and {Fusco}, P. and {Gargano}, F. and {Gasparrini}, D. and 
	{Gehrels}, N. and {Giglietto}, N. and {Giordano}, F. and {Giroletti}, M. and 
	{Glanzman}, T. and {Godfrey}, G. and {Granot}, J. and {Greiner}, J. and 
	{Grenier}, I.~A. and {Grove}, J.~E. and {Guiriec}, S. and {Hadasch}, D. and 
	{Hanabata}, Y. and {Hayashida}, M. and {Hays}, E. and {Hughes}, R.~E. and 
	{Jackson}, M.~S. and {Jogler}, T. and {J{\'o}hannesson}, G. and 
	{Johnson}, A.~S. and {Kn{\"o}dlseder}, J. and {Kocevski}, D. and 
	{Kuss}, M. and {Lande}, J. and {Larsson}, S. and {Latronico}, L. and 
	{Longo}, F. and {Loparco}, F. and {Lovellette}, M.~N. and {Lubrano}, P. and 
	{Mazziotta}, M.~N. and {McEnery}, J.~E. and {Mehault}, J. and 
	{M{\'e}sz{\'a}ros}, P. and {Michelson}, P.~F. and {Mitthumsiri}, W. and 
	{Mizuno}, T. and {Monte}, C. and {Monzani}, M.~E. and {Moretti}, E. and 
	{Morselli}, A. and {Moskalenko}, I.~V. and {Murgia}, S. and 
	{Naumann-Godo}, M. and {Norris}, J.~P. and {Nuss}, E. and {Nymark}, T. and 
	{Ohno}, M. and {Ohsugi}, T. and {Omodei}, N. and {Orienti}, M. and 
	{Orlando}, E. and {Paneque}, D. and {Perkins}, J.~S. and {Pesce-Rollins}, M. and 
	{Piron}, F. and {Pivato}, G. and {Racusin}, J.~L. and {Rain{\`o}}, S. and 
	{Rando}, R. and {Razzano}, M. and {Razzaque}, S. and {Reimer}, A. and 
	{Reimer}, O. and {Romoli}, C. and {Roth}, M. and {Ryde}, F. and 
	{Sanchez}, D.~A. and {Sgr{\`o}}, C. and {Siskind}, E.~J. and 
	{Sonbas}, E. and {Spinelli}, P. and {Stamatikos}, M. and {Takahashi}, H. and 
	{Tanaka}, T. and {Thayer}, J.~G. and {Thayer}, J.~B. and {Tibaldo}, L. and 
	{Tinivella}, M. and {Tosti}, G. and {Troja}, E. and {Usher}, T.~L. and 
	{Vandenbroucke}, J. and {Vasileiou}, V. and {Vianello}, G. and 
	{Vitale}, V. and {Waite}, A.~P. and {Winer}, B.~L. and {Wood}, K.~S. and 
	{Yang}, Z. and {Gruber}, D. and {Bhat}, P.~N. and {Bissaldi}, E. and 
	{Briggs}, M.~S. and {Burgess}, J.~M. and {Connaughton}, V. and 
	{Foley}, S. and {Kippen}, R.~M. and {Kouveliotou}, C. and {McBreen}, S. and 
	{McGlynn}, S. and {Paciesas}, W.~S. and {Pelassa}, V. and {Preece}, R. and 
	{Rau}, A. and {van der Horst}, A.~J. and {von Kienlin}, A. and 
	{Kann}, D.~A. and {Filgas}, R. and {Klose}, S. and {Kr{\"u}hler}, T. and 
	{Fukui}, A. and {Sako}, T. and {Tristram}, P.~J. and {Oates}, S.~R. and 
	{Ukwatta}, T.~N. and {Littlejohns}, O.},
    title = "{Multiwavelength Observations of GRB 110731A: GeV Emission from Onset to Afterglow}",
  journal = {\apj},
archivePrefix = "arXiv",
   eprint = {1212.0973},
 primaryClass = "astro-ph.HE",
 keywords = {gamma-ray burst: individual: GRB110731A },
     year = 2013,
    month = feb,
   volume = 763,
      eid = {71},
    pages = {71},
      doi = {10.1088/0004-637X/763/2/71},
   adsurl = {http://adsabs.harvard.edu/abs/2013ApJ...763...71A},
  adsnote = {Provided by the SAO/NASA Astrophysics Data System}
}

@ARTICLE{Ackermann2014,
   author = {{Ackermann}, M. and {Ajello}, M. and {Asano}, K. and {Atwood}, W.~B. and 
	{Axelsson}, M. and {Baldini}, L. and {Ballet}, J. and {Barbiellini}, G. and 
	{Baring}, M.~G. and {Bastieri}, D. and {Bechtol}, K. and {Bellazzini}, R. and 
	{Bissaldi}, E. and {Bonamente}, E. and {Bregeon}, J. and {Brigida}, M. and 
	{Bruel}, P. and {Buehler}, R. and {Burgess}, J.~M. and {Buson}, S. and 
	{Caliandro}, G.~A. and {Cameron}, R.~A. and {Caraveo}, P.~A. and 
	{Cecchi}, C. and {Chaplin}, V. and {Charles}, E. and {Chekhtman}, A. and 
	{Cheung}, C.~C. and {Chiang}, J. and {Chiaro}, G. and {Ciprini}, S. and 
	{Claus}, R. and {Cleveland}, W. and {Cohen-Tanugi}, J. and {Collazzi}, A. and 
	{Cominsky}, L.~R. and {Connaughton}, V. and {Conrad}, J. and 
	{Cutini}, S. and {D'Ammando}, F. and {de Angelis}, A. and {DeKlotz}, M. and 
	{de Palma}, F. and {Dermer}, C.~D. and {Desiante}, R. and {Diekmann}, A. and 
	{Di Venere}, L. and {Drell}, P.~S. and {Drlica-Wagner}, A. and 
	{Favuzzi}, C. and {Fegan}, S.~J. and {Ferrara}, E.~C. and {Finke}, J. and 
	{Fitzpatrick}, G. and {Focke}, W.~B. and {Franckowiak}, A. and 
	{Fukazawa}, Y. and {Funk}, S. and {Fusco}, P. and {Gargano}, F. and 
	{Gehrels}, N. and {Germani}, S. and {Gibby}, M. and {Giglietto}, N. and 
	{Giles}, M. and {Giordano}, F. and {Giroletti}, M. and {Godfrey}, G. and 
	{Granot}, J. and {Grenier}, I.~A. and {Grove}, J.~E. and {Gruber}, D. and 
	{Guiriec}, S. and {Hadasch}, D. and {Hanabata}, Y. and {Harding}, A.~K. and 
	{Hayashida}, M. and {Hays}, E. and {Horan}, D. and {Hughes}, R.~E. and 
	{Inoue}, Y. and {Jogler}, T. and {J{\'o}hannesson}, G. and {Johnson}, W.~N. and 
	{Kawano}, T. and {Kn{\"o}dlseder}, J. and {Kocevski}, D. and 
	{Kuss}, M. and {Lande}, J. and {Larsson}, S. and {Latronico}, L. and 
	{Longo}, F. and {Loparco}, F. and {Lovellette}, M.~N. and {Lubrano}, P. and 
	{Mayer}, M. and {Mazziotta}, M.~N. and {McEnery}, J.~E. and 
	{Michelson}, P.~F. and {Mizuno}, T. and {Moiseev}, A.~A. and 
	{Monzani}, M.~E. and {Moretti}, E. and {Morselli}, A. and {Moskalenko}, I.~V. and 
	{Murgia}, S. and {Nemmen}, R. and {Nuss}, E. and {Ohno}, M. and 
	{Ohsugi}, T. and {Okumura}, A. and {Omodei}, N. and {Orienti}, M. and 
	{Paneque}, D. and {Pelassa}, V. and {Perkins}, J.~S. and {Pesce-Rollins}, M. and 
	{Petrosian}, V. and {Piron}, F. and {Pivato}, G. and {Porter}, T.~A. and 
	{Racusin}, J.~L. and {Rain{\`o}}, S. and {Rando}, R. and {Razzano}, M. and 
	{Razzaque}, S. and {Reimer}, A. and {Reimer}, O. and {Ritz}, S. and 
	{Roth}, M. and {Ryde}, F. and {Sartori}, A. and {Parkinson}, P.~M.~S. and 
	{Scargle}, J.~D. and {Schulz}, A. and {Sgr{\`o}}, C. and {Siskind}, E.~J. and 
	{Sonbas}, E. and {Spandre}, G. and {Spinelli}, P. and {Tajima}, H. and 
	{Takahashi}, H. and {Thayer}, J.~G. and {Thayer}, J.~B. and 
	{Thompson}, D.~J. and {Tibaldo}, L. and {Tinivella}, M. and 
	{Torres}, D.~F. and {Tosti}, G. and {Troja}, E. and {Usher}, T.~L. and 
	{Vandenbroucke}, J. and {Vasileiou}, V. and {Vianello}, G. and 
	{Vitale}, V. and {Winer}, B.~L. and {Wood}, K.~S. and {Yamazaki}, R. and 
	{Younes}, G. and {Yu}, H.-F. and {Zhu}, S.~J. and {Bhat}, P.~N. and 
	{Briggs}, M.~S. and {Byrne}, D. and {Foley}, S. and {Goldstein}, A. and 
	{Jenke}, P. and {Kippen}, R.~M. and {Kouveliotou}, C. and {McBreen}, S. and 
	{Meegan}, C. and {Paciesas}, W.~S. and {Preece}, R. and {Rau}, A. and 
	{Tierney}, D. and {van der Horst}, A.~J. and {von Kienlin}, A. and 
	{Wilson-Hodge}, C. and {Xiong}, S. and {Cusumano}, G. and {La Parola}, V. and 
	{Cummings}, J.~R.},
    title = "{Fermi-LAT Observations of the Gamma-Ray Burst GRB 130427A}",
  journal = {Science},
archivePrefix = "arXiv",
   eprint = {1311.5623},
 primaryClass = "astro-ph.HE",
     year = 2014,
    month = jan,
   volume = 343,
    pages = {42-47},
      doi = {10.1126/science.1242353},
   adsurl = {http://adsabs.harvard.edu/abs/2014Sci...343...42A},
  adsnote = {Provided by the SAO/NASA Astrophysics Data System}
}

@ARTICLE{Kouveliotou2013,
   author = {{Kouveliotou}, C. and {Granot}, J. and {Racusin}, J.~L. and 
	{Bellm}, E. and {Vianello}, G. and {Oates}, S. and {Fryer}, C.~L. and 
	{Boggs}, S.~E. and {Christensen}, F.~E. and {Craig}, W.~W. and 
	{Dermer}, C.~D. and {Gehrels}, N. and {Hailey}, C.~J. and {Harrison}, F.~A. and 
	{Melandri}, A. and {McEnery}, J.~E. and {Mundell}, C.~G. and 
	{Stern}, D.~K. and {Tagliaferri}, G. and {Zhang}, W.~W.},
    title = "{NuSTAR Observations of GRB 130427A Establish a Single Component Synchrotron Afterglow Origin for the Late Optical to Multi-GeV Emission}",
  journal = {\apjl},
archivePrefix = "arXiv",
   eprint = {1311.5245},
 primaryClass = "astro-ph.HE",
 keywords = {acceleration of particles, gamma-ray burst: individual: GRB 130427A, magnetic fields, radiation mechanisms: non-thermal, shock waves},
     year = 2013,
    month = dec,
   volume = 779,
      eid = {L1},
    pages = {L1},
      doi = {10.1088/2041-8205/779/1/L1},
   adsurl = {http://adsabs.harvard.edu/abs/2013ApJ...779L...1K},
  adsnote = {Provided by the SAO/NASA Astrophysics Data System}
}

@ARTICLE{Kumar2009,
   author = {{Kumar}, P. and {Barniol Duran}, R.},
    title = "{On the generation of high-energy photons detected by the Fermi Satellite from gamma-ray bursts}",
  journal = {\mnras},
archivePrefix = "arXiv",
   eprint = {0905.2417},
 primaryClass = "astro-ph.HE",
 keywords = {radiation mechanisms: non-thermal , methods: analytical , gamma-rays: bursts , gamma-rays: theory},
     year = 2009,
    month = nov,
   volume = 400,
    pages = {L75-L79},
      doi = {10.1111/j.1745-3933.2009.00766.x},
   adsurl = {http://adsabs.harvard.edu/abs/2009MNRAS.400L..75K},
  adsnote = {Provided by the SAO/NASA Astrophysics Data System}
}

@ARTICLE{Band2009,
   author = {{Band}, D.~L. and {Axelsson}, M. and {Baldini}, L. and {Barbiellini}, G. and 
	{Baring}, M.~G. and {Bastieri}, D. and {Battelino}, M. and {Bellazzini}, R. and 
	{Bissaldi}, E. and {Bogaert}, G. and {Bonnell}, J. and {Chiang}, J. and 
	{Cohen-Tanugi}, J. and {Connaughton}, V. and {Cutini}, S. and 
	{de Palma}, F. and {Dingus}, B.~L. and {do Couto e Silva}, E. and 
	{Fishman}, G. and {Galli}, A. and {Gehrels}, N. and {Giglietto}, N. and 
	{Granot}, J. and {Guiriec}, S. and {Hughes}, R.~E. and {Kamae}, T. and 
	{Komin}, N. and {Kuehn}, F. and {Kuss}, M. and {Longo}, F. and 
	{Lubrano}, P. and {Kippen}, R.~M. and {Mazziotta}, M.~N. and 
	{McEnery}, J.~E. and {McGlynn}, S. and {Moretti}, E. and {Nakamori}, T. and 
	{Norris}, J.~P. and {Ohno}, M. and {Olivo}, M. and {Omodei}, N. and 
	{Pelassa}, V. and {Piron}, F. and {Preece}, R. and {Razzano}, M. and 
	{Russell}, J.~J. and {Ryde}, F. and {Saz Parkinson}, P.~M. and 
	{Scargle}, J.~D. and {Sgr{\`o}}, C. and {Shimokawabe}, T. and 
	{Smith}, P.~D. and {Spandre}, G. and {Spinelli}, P. and {Stamatikos}, M. and 
	{Winer}, B.~L. and {Yamazaki}, R.},
    title = "{Prospects for GRB Science with the Fermi Large Area Telescope}",
  journal = {\apj},
archivePrefix = "arXiv",
   eprint = {0906.0991},
 primaryClass = "astro-ph.HE",
 keywords = {gamma rays: bursts},
     year = 2009,
    month = aug,
   volume = 701,
    pages = {1673-1694},
      doi = {10.1088/0004-637X/701/2/1673},
   adsurl = {http://adsabs.harvard.edu/abs/2009ApJ...701.1673B},
  adsnote = {Provided by the SAO/NASA Astrophysics Data System}
}

@BOOK{2012grb..book.....K,
   author = {{Kouveliotou}, C. and {Wijers}, R.~A.~M.~J. and {Woosley}, S.
	},
    title = "{Gamma-ray Bursts}",
booktitle = {Gamma-ray Bursts, by Chryssa Kouveliotou , Ralph A.~M.~J.~Wijers , Stan Woosley, Cambridge, UK: Cambridge University Press, 2012},
     year = 2012,
    month = nov,
   adsurl = {http://adsabs.harvard.edu/abs/2012grb..book.....K},
  adsnote = {Provided by the SAO/NASA Astrophysics Data System}
}

@ARTICLE{1979Natur.277..437T,
   author = {{Taylor}, J.~H. and {Fowler}, L.~A. and {McCulloch}, P.~M.},
    title = "{Measurements of general relativistic effects in the binary pulsar PSR 1913+16}",
  journal = {\nat},
 keywords = {Binary Stars, Pulsars, Relativistic Effects, Stellar Mass, Gravitational Fields, Red Shift},
     year = 1979,
    month = feb,
   volume = 277,
    pages = {437-440},
      doi = {10.1038/277437a0},
   adsurl = {http://adsabs.harvard.edu/abs/1979Natur.277..437T},
  adsnote = {Provided by the SAO/NASA Astrophysics Data System}
}

@article{Metzger2010,
        author = "Metzger, B. D. and Martinez-Pinedo, G. and Darbha, S. and
                  Quataert, E. and Arcones, A. and Kasen, D. and Thomas, R.
                  and Nugent, P. and Panov, I. V. and Zinner, N. T.",
         title = "{Electromagnetic Counterparts of Compact Object Mergers
                   Powered by the Radioactive Decay of R-process Nuclei}",
       journal = "Mon. Not. Roy. Astron. Soc.",
        volume = "406",
          year = "2010",
         pages = "2650",
           doi = "10.1111/j.1365-2966.2010.16864.x",
        eprint = "1001.5029",
 archivePrefix = "arXiv",
  primaryClass = "astro-ph.HE",
  SLACcitation = "%%CITATION = ARXIV:1001.5029;%%"
}

@ARTICLE{Razzaque2010,
   author = {{Razzaque}, S.},
    title = "{A Leptonic-Hadronic Model for the Afterglow of Gamma-ray Burst 090510}",
  journal = {\apjl},
archivePrefix = "arXiv",
   eprint = {1004.3330},
 primaryClass = "astro-ph.HE",
 keywords = {gamma-ray burst: individual: GRB 090510, relativistic processes, shock waves},
     year = 2010,
    month = nov,
   volume = 724,
    pages = {L109-L112},
      doi = {10.1088/2041-8205/724/1/L109},
   adsurl = {http://adsabs.harvard.edu/abs/2010ApJ...724L.109R},
  adsnote = {Provided by the SAO/NASA Astrophysics Data System}
}

@ARTICLE{Ackermann2010,
   author = {{Ackermann}, M. and {Asano}, K. and {Atwood}, W.~B. and {Axelsson}, M. and 
	{Baldini}, L. and {Ballet}, J. and {Barbiellini}, G. and {Baring}, M.~G. and 
	{Bastieri}, D. and {Bechtol}, K. and {Bellazzini}, R. and {Berenji}, B. and 
	{Bhat}, P.~N. and {Bissaldi}, E. and {Blandford}, R.~D. and 
	{Bloom}, E.~D. and {Bonamente}, E. and {Borgland}, A.~W. and 
	{Bouvier}, A. and {Bregeon}, J. and {Brez}, A. and {Briggs}, M.~S. and 
	{Brigida}, M. and {Bruel}, P. and {Buson}, S. and {Caliandro}, G.~A. and 
	{Cameron}, R.~A. and {Caraveo}, P.~A. and {Carrigan}, S. and 
	{Casandjian}, J.~M. and {Cecchi}, C. and {{\c C}elik}, {\"O}. and 
	{Charles}, E. and {Chiang}, J. and {Ciprini}, S. and {Claus}, R. and 
	{Cohen-Tanugi}, J. and {Connaughton}, V. and {Conrad}, J. and 
	{Dermer}, C.~D. and {de Palma}, F. and {Dingus}, B.~L. and {Silva}, E.~d.~C.~e. and 
	{Drell}, P.~S. and {Dubois}, R. and {Dumora}, D. and {Farnier}, C. and 
	{Favuzzi}, C. and {Fegan}, S.~J. and {Finke}, J. and {Focke}, W.~B. and 
	{Frailis}, M. and {Fukazawa}, Y. and {Fusco}, P. and {Gargano}, F. and 
	{Gasparrini}, D. and {Gehrels}, N. and {Germani}, S. and {Giglietto}, N. and 
	{Giordano}, F. and {Glanzman}, T. and {Godfrey}, G. and {Granot}, J. and 
	{Grenier}, I.~A. and {Grondin}, M.-H. and {Grove}, J.~E. and 
	{Guiriec}, S. and {Hadasch}, D. and {Harding}, A.~K. and {Hays}, E. and 
	{Horan}, D. and {Hughes}, R.~E. and {J{\'o}hannesson}, G. and 
	{Johnson}, W.~N. and {Kamae}, T. and {Katagiri}, H. and {Kataoka}, J. and 
	{Kawai}, N. and {Kippen}, R.~M. and {Kn{\"o}dlseder}, J. and 
	{Kocevski}, D. and {Kouveliotou}, C. and {Kuss}, M. and {Lande}, J. and 
	{Latronico}, L. and {Lemoine-Goumard}, M. and {Llena Garde}, M. and 
	{Longo}, F. and {Loparco}, F. and {Lott}, B. and {Lovellette}, M.~N. and 
	{Lubrano}, P. and {Makeev}, A. and {Mazziotta}, M.~N. and {McEnery}, J.~E. and 
	{McGlynn}, S. and {Meegan}, C. and {M{\'e}sz{\'a}ros}, P. and 
	{Michelson}, P.~F. and {Mitthumsiri}, W. and {Mizuno}, T. and 
	{Moiseev}, A.~A. and {Monte}, C. and {Monzani}, M.~E. and {Moretti}, E. and 
	{Morselli}, A. and {Moskalenko}, I.~V. and {Murgia}, S. and 
	{Nakajima}, H. and {Nakamori}, T. and {Nolan}, P.~L. and {Norris}, J.~P. and 
	{Nuss}, E. and {Ohno}, M. and {Ohsugi}, T. and {Omodei}, N. and 
	{Orlando}, E. and {Ormes}, J.~F. and {Ozaki}, M. and {Paciesas}, W.~S. and 
	{Paneque}, D. and {Panetta}, J.~H. and {Parent}, D. and {Pelassa}, V. and 
	{Pepe}, M. and {Pesce-Rollins}, M. and {Piron}, F. and {Preece}, R. and 
	{Rain{\`o}}, S. and {Rando}, R. and {Razzano}, M. and {Razzaque}, S. and 
	{Reimer}, A. and {Ritz}, S. and {Rodriguez}, A.~Y. and {Roth}, M. and 
	{Ryde}, F. and {Sadrozinski}, H.~F.-W. and {Sander}, A. and 
	{Scargle}, J.~D. and {Schalk}, T.~L. and {Sgr{\`o}}, C. and 
	{Siskind}, E.~J. and {Smith}, P.~D. and {Spandre}, G. and {Spinelli}, P. and 
	{Stamatikos}, M. and {Stecker}, F.~W. and {Strickman}, M.~S. and 
	{Suson}, D.~J. and {Tajima}, H. and {Takahashi}, H. and {Takahashi}, T. and 
	{Tanaka}, T. and {Thayer}, J.~B. and {Thayer}, J.~G. and {Thompson}, D.~J. and 
	{Tibaldo}, L. and {Toma}, K. and {Torres}, D.~F. and {Tosti}, G. and 
	{Tramacere}, A. and {Uchiyama}, Y. and {Uehara}, T. and {Usher}, T.~L. and 
	{van der Horst}, A.~J. and {Vasileiou}, V. and {Vilchez}, N. and 
	{Vitale}, V. and {von Kienlin}, A. and {Waite}, A.~P. and {Wang}, P. and 
	{Wilson-Hodge}, C. and {Winer}, B.~L. and {Wu}, X.~F. and {Yamazaki}, R. and 
	{Yang}, Z. and {Ylinen}, T. and {Ziegler}, M.},
    title = "{Fermi Observations of GRB 090510: A Short-Hard Gamma-ray Burst with an Additional, Hard Power-law Component from 10 keV TO GeV Energies}",
  journal = {\apj},
archivePrefix = "arXiv",
   eprint = {1005.2141},
 primaryClass = "astro-ph.HE",
 keywords = {gamma-ray burst: individual: GRB 090510, radiation mechanisms: non-thermal},
     year = 2010,
    month = jun,
   volume = 716,
    pages = {1178-1190},
      doi = {10.1088/0004-637X/716/2/1178},
   adsurl = {http://adsabs.harvard.edu/abs/2010ApJ...716.1178A},
  adsnote = {Provided by the SAO/NASA Astrophysics Data System}
}

@ARTICLE{vanEerten2012,
   author = {{van Eerten}, H.~J. and {MacFadyen}, A.~I.},
    title = "{Observational Implications of Gamma-Ray Burst Afterglow Jet Simulations and Numerical Light Curve Calculations}",
  journal = {\apj},
archivePrefix = "arXiv",
   eprint = {1105.2485},
 primaryClass = "astro-ph.HE",
 keywords = {gamma-ray burst: general, hydrodynamics, methods: numerical, relativistic processes, shock waves},
     year = 2012,
    month = jun,
   volume = 751,
      eid = {155},
    pages = {155},
      doi = {10.1088/0004-637X/751/2/155},
   adsurl = {http://adsabs.harvard.edu/abs/2012ApJ...751..155V},
  adsnote = {Provided by the SAO/NASA Astrophysics Data System}
}

@ARTICLE{Belczynski2002,
   author = {{Belczynski}, K. and {Kalogera}, V. and {Bulik}, T.},
    title = "{A Comprehensive Study of Binary Compact Objects as Gravitational Wave Sources: Evolutionary Channels, Rates, and Physical Properties}",
  journal = {\apj},
   eprint = {astro-ph/0111452},
 keywords = {Stars: Binaries: Close, Black Hole Physics, Gravitational Waves, Stars: Evolution, Stars: Neutron},
     year = 2002,
    month = jun,
   volume = 572,
    pages = {407-431},
      doi = {10.1086/340304},
   adsurl = {http://adsabs.harvard.edu/abs/2002ApJ...572..407B},
  adsnote = {Provided by the SAO/NASA Astrophysics Data System}
}

@ARTICLE{Kobayashi2003,
   author = {{Kobayashi}, S. and {M{\'e}sz{\'a}ros}, P.},
    title = "{Gravitational Radiation from Gamma-Ray Burst Progenitors}",
  journal = {\apj},
   eprint = {astro-ph/0210211},
 keywords = {Stars: Binaries: Close, Black Hole Physics, Gamma Rays: Bursts, Gravitational Waves, Stars: Neutron},
     year = 2003,
    month = jun,
   volume = 589,
    pages = {861-870},
      doi = {10.1086/374733},
   adsurl = {http://adsabs.harvard.edu/abs/2003ApJ...589..861K},
  adsnote = {Provided by the SAO/NASA Astrophysics Data System}
}

@ARTICLE{Kochanek1993,
   author = {{Kochanek}, C.~S. and {Piran}, T.},
    title = "{Gravitational Waves and gamma -Ray Bursts}",
  journal = {\apjl},
   eprint = {astro-ph/9305015},
 keywords = {GAMMA RAYS: BURSTS, GRAVITATION, STARS: NEUTRON},
     year = 1993,
    month = nov,
   volume = 417,
    pages = {L17},
      doi = {10.1086/187083},
   adsurl = {http://adsabs.harvard.edu/abs/1993ApJ...417L..17K},
  adsnote = {Provided by the SAO/NASA Astrophysics Data System}
}

@ARTICLE{Phinney1991,
   author = {{Phinney}, E.~S.},
    title = "{The rate of neutron star binary mergers in the universe - Minimal predictions for gravity wave detectors}",
  journal = {\apjl},
 keywords = {Binary Stars, Black Holes (Astronomy), Globular Clusters, Gravity Waves, Neutron Stars, Universe, Computational Astrophysics, Milky Way Galaxy, Star Formation Rate},
     year = 1991,
    month = oct,
   volume = 380,
    pages = {L17-L21},
      doi = {10.1086/186163},
   adsurl = {http://adsabs.harvard.edu/abs/1991ApJ...380L..17P},
  adsnote = {Provided by the SAO/NASA Astrophysics Data System}
}

@ARTICLE{2007PhR...442..166N,
   author = {{Nakar}, E.},
    title = "{Short-hard gamma-ray bursts}",
  journal = {\physrep},
   eprint = {astro-ph/0701748},
     year = 2007,
    month = apr,
   volume = 442,
    pages = {166-236},
      doi = {10.1016/j.physrep.2007.02.005},
   adsurl = {http://adsabs.harvard.edu/abs/2007PhR...442..166N},
  adsnote = {Provided by the SAO/NASA Astrophysics Data System}
}

@ARTICLE{Baumgarte2000,
   author = {{Baumgarte}, T.~W. and {Shapiro}, S.~L. and {Shibata}, M.},
    title = "{On the Maximum Mass of Differentially Rotating Neutron Stars}",
  journal = {\apjl},
   eprint = {astro-ph/9910565},
 keywords = {BLACK HOLE PHYSICS, RELATIVITY, STARS: NEUTRON, STARS: ROTATION, Black Hole Physics, Relativity, Stars: Neutron, Stars: Rotation},
     year = 2000,
    month = jan,
   volume = 528,
    pages = {L29-L32},
      doi = {10.1086/312425},
   adsurl = {http://adsabs.harvard.edu/abs/2000ApJ...528L..29B},
  adsnote = {Provided by the SAO/NASA Astrophysics Data System}
}

@ARTICLE{Bauswein2012,
   author = {{Bauswein}, A. and {Janka}, H.-T. and {Hebeler}, K. and {Schwenk}, A.
	},
    title = "{Equation-of-state dependence of the gravitational-wave signal from the ring-down phase of neutron-star mergers}",
  journal = {\prd},
archivePrefix = "arXiv",
   eprint = {1204.1888},
 primaryClass = "astro-ph.SR",
 keywords = {Neutron stars, Wave generation and sources, Equations of state of neutron-star matter, Gravitational radiation magnetic fields and other observations},
     year = 2012,
    month = sep,
   volume = 86,
   number = 6,
      eid = {063001},
    pages = {063001},
      doi = {10.1103/PhysRevD.86.063001},
   adsurl = {http://adsabs.harvard.edu/abs/2012PhRvD..86f3001B},
  adsnote = {Provided by the SAO/NASA Astrophysics Data System}
}

@ARTICLE{Ciolfi2017,
   author = {{Ciolfi}, R. and {Kastaun}, W. and {Giacomazzo}, B. and {Endrizzi}, A. and 
	{Siegel}, D.~M. and {Perna}, R.},
    title = "{General relativistic magnetohydrodynamic simulations of binary neutron star mergers forming a long-lived neutron star}",
  journal = {\prd},
archivePrefix = "arXiv",
   eprint = {1701.08738},
 primaryClass = "astro-ph.HE",
     year = 2017,
    month = mar,
   volume = 95,
   number = 6,
      eid = {063016},
    pages = {063016},
      doi = {10.1103/PhysRevD.95.063016},
   adsurl = {http://adsabs.harvard.edu/abs/2017PhRvD..95f3016C},
  adsnote = {Provided by the SAO/NASA Astrophysics Data System}
}

@ARTICLE{Kastaun2015,
   author = {{Kastaun}, W. and {Galeazzi}, F.},
    title = "{Properties of hypermassive neutron stars formed in mergers of spinning binaries}",
  journal = {\prd},
archivePrefix = "arXiv",
   eprint = {1411.7975},
 primaryClass = "gr-qc",
 keywords = {Numerical studies of other relativistic binaries, Wave generation and sources, Relativistic stars: structure stability and oscillations, Relativity and gravitation},
     year = 2015,
    month = mar,
   volume = 91,
   number = 6,
      eid = {064027},
    pages = {064027},
      doi = {10.1103/PhysRevD.91.064027},
   adsurl = {http://adsabs.harvard.edu/abs/2015PhRvD..91f4027K},
  adsnote = {Provided by the SAO/NASA Astrophysics Data System}
}

@ARTICLE{Ozel2012,
   author = {{{\"O}zel}, F. and {Psaltis}, D. and {Narayan}, R. and {Santos Villarreal}, A.
	},
    title = "{On the Mass Distribution and Birth Masses of Neutron Stars}",
  journal = {\apj},
archivePrefix = "arXiv",
   eprint = {1201.1006},
 primaryClass = "astro-ph.HE",
 keywords = {black hole physics, pulsars: general, stars: neutron, X-rays: binaries},
     year = 2012,
    month = sep,
   volume = 757,
      eid = {55},
    pages = {55},
      doi = {10.1088/0004-637X/757/1/55},
   adsurl = {http://adsabs.harvard.edu/abs/2012ApJ...757...55O},
  adsnote = {Provided by the SAO/NASA Astrophysics Data System}
}

@ARTICLE{Piro2017,
   author = {{Piro}, A.~L. and {Giacomazzo}, B. and {Perna}, R.},
    title = "{The Fate of Neutron Star Binary Mergers}",
  journal = {\apjl},
archivePrefix = "arXiv",
   eprint = {1704.08697},
 primaryClass = "astro-ph.HE",
 keywords = {gamma-ray burst: general, gravitational waves, stars: magnetars, stars: neutron},
     year = 2017,
    month = aug,
   volume = 844,
      eid = {L19},
    pages = {L19},
      doi = {10.3847/2041-8213/aa7f2f},
   adsurl = {http://adsabs.harvard.edu/abs/2017ApJ...844L..19P},
  adsnote = {Provided by the SAO/NASA Astrophysics Data System}
}

@ARTICLE{Price2006,
   author = {{Price}, D.~J. and {Rosswog}, S.},
    title = "{Producing Ultrastrong Magnetic Fields in Neutron Star Mergers}",
  journal = {Science},
   eprint = {astro-ph/0603845},
     year = 2006,
    month = may,
   volume = 312,
    pages = {719-722},
      doi = {10.1126/science.1125201},
   adsurl = {http://adsabs.harvard.edu/abs/2006Sci...312..719P},
  adsnote = {Provided by the SAO/NASA Astrophysics Data System}
}

@ARTICLE{Rosswog2015,
   author = {{Rosswog}, S.},
    title = "{The multi-messenger picture of compact binary mergers}",
  journal = {International Journal of Modern Physics D},
archivePrefix = "arXiv",
   eprint = {1501.02081},
 primaryClass = "astro-ph.HE",
 keywords = {Gravitational waves, nucleosynthesis, gamma-ray bursts, Gravitational waves: theory, r-process, gamma-ray sources, gamma-ray bursts},
     year = 2015,
    month = feb,
   volume = 24,
      eid = {1530012-52},
    pages = {1530012-52},
      doi = {10.1142/S0218271815300128},
   adsurl = {http://adsabs.harvard.edu/abs/2015IJMPD..2430012R},
  adsnote = {Provided by the SAO/NASA Astrophysics Data System}
}

@ARTICLE{Rowlinson2013,
   author = {{Rowlinson}, A. and {O'Brien}, P.~T. and {Metzger}, B.~D. and 
	{Tanvir}, N.~R. and {Levan}, A.~J.},
    title = "{Signatures of magnetar central engines in short GRB light curves}",
  journal = {\mnras},
archivePrefix = "arXiv",
   eprint = {1301.0629},
 primaryClass = "astro-ph.HE",
 keywords = {gamma-ray burst: general, stars: magnetars},
     year = 2013,
    month = apr,
   volume = 430,
    pages = {1061-1087},
      doi = {10.1093/mnras/sts683},
   adsurl = {http://adsabs.harvard.edu/abs/2013MNRAS.430.1061R},
  adsnote = {Provided by the SAO/NASA Astrophysics Data System}
}

@ARTICLE{Shibata2011,
   author = {{Shibata}, M. and {Taniguchi}, K.},
    title = "{Coalescence of Black Hole-Neutron Star Binaries}",
  journal = {Living Reviews in Relativity},
 keywords = {neutron star, gravitational waves, black hole, numerical relativity},
     year = 2011,
    month = aug,
   volume = 14,
      eid = {6},
    pages = {6},
      doi = {10.12942/lrr-2011-6},
   adsurl = {http://adsabs.harvard.edu/abs/2011LRR....14....6S},
  adsnote = {Provided by the SAO/NASA Astrophysics Data System}
}

@ARTICLE{Zrake2013,
   author = {{Zrake}, J. and {MacFadyen}, A.~I.},
    title = "{Magnetic Energy Production by Turbulence in Binary Neutron Star Mergers}",
  journal = {\apjl},
archivePrefix = "arXiv",
   eprint = {1303.1450},
 primaryClass = "astro-ph.HE",
 keywords = {gamma-ray burst: general, gravitational waves, magnetohydrodynamics: MHD, stars: neutron, turbulence, X-rays: general},
     year = 2013,
    month = jun,
   volume = 769,
      eid = {L29},
    pages = {L29},
      doi = {10.1088/2041-8205/769/2/L29},
   adsurl = {http://adsabs.harvard.edu/abs/2013ApJ...769L..29Z},
  adsnote = {Provided by the SAO/NASA Astrophysics Data System}
}

@ARTICLE{2001ApJ...561L.171P,
   author = {{Panaitescu}, A. and {Kumar}, P. and {Narayan}, R.},
    title = "{Observational Prospects for Afterglows of Short-Duration Gamma-Ray Bursts}",
  journal = {\apjl},
   eprint = {astro-ph/0108132},
 keywords = {Gamma Rays: Bursts, ISM: Jets and Outflows, Radiation Mechanisms: Nonthermal},
     year = 2001,
    month = nov,
   volume = 561,
    pages = {L171-L174},
      doi = {10.1086/324678},
   adsurl = {http://adsabs.harvard.edu/abs/2001ApJ...561L.171P},
  adsnote = {Provided by the SAO/NASA Astrophysics Data System}
}

@ARTICLE{2005Natur.438..988B,
   author = {{Berger}, E. and {Price}, P.~A. and {Cenko}, S.~B. and {Gal-Yam}, A. and 
	{Soderberg}, A.~M. and {Kasliwal}, M. and {Leonard}, D.~C. and 
	{Cameron}, P.~B. and {Frail}, D.~A. and {Kulkarni}, S.~R. and 
	{Murphy}, D.~C. and {Krzeminski}, W. and {Piran}, T. and {Lee}, B.~L. and 
	{Roth}, K.~C. and {Moon}, D.-S. and {Fox}, D.~B. and {Harrison}, F.~A. and 
	{Persson}, S.~E. and {Schmidt}, B.~P. and {Penprase}, B.~E. and 
	{Rich}, J. and {Peterson}, B.~A. and {Cowie}, L.~L.},
    title = "{The afterglow and elliptical host galaxy of the short {$\gamma$}-ray burst GRB 050724}",
  journal = {\nat},
   eprint = {astro-ph/0508115},
     year = 2005,
    month = dec,
   volume = 438,
    pages = {988-990},
      doi = {10.1038/nature04238},
   adsurl = {http://adsabs.harvard.edu/abs/2005Natur.438..988B},
  adsnote = {Provided by the SAO/NASA Astrophysics Data System}
}

@ARTICLE{2002ApJ...570..252P,
   author = {{Perna}, R. and {Belczynski}, K.},
    title = "{Short Gamma-Ray Bursts and Mergers of Compact Objects: Observational Constraints}",
  journal = {\apj},
   eprint = {astro-ph/0201262},
 keywords = {Gamma Rays: Bursts},
     year = 2002,
    month = may,
   volume = 570,
    pages = {252-263},
      doi = {10.1086/339571},
   adsurl = {http://adsabs.harvard.edu/abs/2002ApJ...570..252P},
  adsnote = {Provided by the SAO/NASA Astrophysics Data System}
}

@ARTICLE{1998ApJ...497L..17S,
   author = {{Sari}, R. and {Piran}, T. and {Narayan}, R.},
    title = "{Spectra and Light Curves of Gamma-Ray Burst Afterglows}",
  journal = {\apjl},
   eprint = {astro-ph/9712005},
 keywords = {GAMMA RAYS: BURSTS, HYDRODYNAMICS, SHOCK WAVES, RELATIVITY, Gamma Rays: Bursts, Hydrodynamics, Relativity, Shock Waves},
     year = 1998,
    month = apr,
   volume = 497,
    pages = {L17-L20},
      doi = {10.1086/311269},
   adsurl = {http://adsabs.harvard.edu/abs/1998ApJ...497L..17S},
  adsnote = {Provided by the SAO/NASA Astrophysics Data System}
}

@ARTICLE{2002ApJ...568..820G,
   author = {{Granot}, J. and {Sari}, R.},
    title = "{The Shape of Spectral Breaks in Gamma-Ray Burst Afterglows}",
  journal = {\apj},
   eprint = {astro-ph/0108027},
 keywords = {Gamma Rays: Bursts, Gamma Rays: Theory, Radiation Mechanisms: Nonthermal, Shock Waves},
     year = 2002,
    month = apr,
   volume = 568,
    pages = {820-829},
      doi = {10.1086/338966},
   adsurl = {http://adsabs.harvard.edu/abs/2002ApJ...568..820G},
  adsnote = {Provided by the SAO/NASA Astrophysics Data System}
}

@ARTICLE{2014ARA&A..52...43B,
   author = {{Berger}, E.},
    title = "{Short-Duration Gamma-Ray Bursts}",
  journal = {\araa},
archivePrefix = "arXiv",
   eprint = {1311.2603},
 primaryClass = "astro-ph.HE",
     year = 2014,
    month = aug,
   volume = 52,
    pages = {43-105},
      doi = {10.1146/annurev-astro-081913-035926},
   adsurl = {http://adsabs.harvard.edu/abs/2014ARA%26A..52...43B},
  adsnote = {Provided by the SAO/NASA Astrophysics Data System}
}

@ARTICLE{2016ApJ...832L..21A,
   author = {{Abbott}, B.~P. and {Abbott}, R. and {Abbott}, T.~D. and {Abernathy}, M.~R. and 
	{Acernese}, F. and {Ackley}, K. and {Adams}, C. and {Adams}, T. and 
	{Addesso}, P. and {Adhikari}, R.~X. and et al.},
    title = "{Upper Limits on the Rates of Binary Neutron Star and Neutron Star-Black Hole Mergers from Advanced LIGO{\rsquo}s First Observing Run}",
  journal = {\apjl},
archivePrefix = "arXiv",
   eprint = {1607.07456},
 primaryClass = "astro-ph.HE",
 keywords = {binaries: general, gamma-ray burst: general, gravitational waves, stars: black holes, stars: neutron},
     year = 2016,
    month = dec,
   volume = 832,
      eid = {L21},
    pages = {L21},
      doi = {10.3847/2041-8205/832/2/L21},
   adsurl = {http://adsabs.harvard.edu/abs/2016ApJ...832L..21A},
  adsnote = {Provided by the SAO/NASA Astrophysics Data System}
}

@ARTICLE{2009A&A...496..585G,
   author = {{Ghirlanda}, G. and {Nava}, L. and {Ghisellini}, G. and {Celotti}, A. and 
	{Firmani}, C.},
    title = "{Short versus long gamma-ray bursts: spectra, energetics, and luminosities}",
  journal = {\aap},
archivePrefix = "arXiv",
   eprint = {0902.0983},
 primaryClass = "astro-ph.HE",
 keywords = {gamma ray: bursts, stars: neutron, radiation mechanisms: thermal},
     year = 2009,
    month = mar,
   volume = 496,
    pages = {585-595},
      doi = {10.1051/0004-6361/200811209},
   adsurl = {http://adsabs.harvard.edu/abs/2009A%26A...496..585G},
  adsnote = {Provided by the SAO/NASA Astrophysics Data System}
}

@ARTICLE{2002ApJ...579..699N,
   author = {{Nakar}, E. and {Piran}, T. and {Granot}, J.},
    title = "{The Detectability of Orphan Afterglows}",
  journal = {\apj},
   eprint = {astro-ph/0204203},
 keywords = {Gamma Rays: Bursts},
     year = 2002,
    month = nov,
   volume = 579,
    pages = {699-705},
      doi = {10.1086/342791},
   adsurl = {http://adsabs.harvard.edu/abs/2002ApJ...579..699N},
  adsnote = {Provided by the SAO/NASA Astrophysics Data System}
}

@INPROCEEDINGS{2007RMxAC..27..140G,
   author = {{Granot}, J.},
    title = "{The Structure and Dynamics of GRB Jets}",
 keywords = {gamma rays: bursts, hydrodynamics, ISM: Jets and outflows, relativity},
booktitle = {Revista Mexicana de Astronomia y Astrofisica, vol. 27},
     year = 2007,
   series = {Revista Mexicana de Astronomia y Astrofisica Conference Series},
   volume = 27,
   eprint = {astro-ph/0610379},
    month = mar,
    pages = {140-165},
   adsurl = {http://adsabs.harvard.edu/abs/2007RMxAC..27..140G},
  adsnote = {Provided by the SAO/NASA Astrophysics Data System}
}

@INPROCEEDINGS{2007AIPC..921..544C,
   author = {{Chiang}, J. and {Carson}, J. and {Focke}, W.},
    title = "{Automated Science Processing for GLAST LAT Data}",
 keywords = {Image processing, X- and gamma-ray telescopes and instrumentation, gamma-ray sources, gamma-ray bursts},
booktitle = {The First GLAST Symposium},
     year = 2007,
   series = {American Institute of Physics Conference Series},
   volume = 921,
   editor = {{Ritz}, S. and {Michelson}, P. and {Meegan}, C.~A.},
    month = jul,
    pages = {544-545},
      doi = {10.1063/1.2757443},
   adsurl = {http://adsabs.harvard.edu/abs/2007AIPC..921..544C},
  adsnote = {Provided by the SAO/NASA Astrophysics Data System}
}

@ARTICLE{Goldstein2017,
   author = {{Goldstein}, A. and others},
    title = "{An Ordinary Short Gamma-Ray Burst with Extraordinary Implications: Fermi-GBM Detection of GRB 170817A.}",
  journal = {\apjl},
   eprint = {},
 keywords = {Gamma Rays: Bursts},
     year = 2017,
    month = nov,
   volume = 848,
    pages = {},
      doi = {},
   adsurl = {},
  adsnote = {Provided by the SAO/NASA Astrophysics Data System}
}

@ARTICLE{2016JCAP...11..056P,
   author = {{Patricelli}, B. and {Razzano}, M. and {Cella}, G. and {Fidecaro}, F. and 
	{Pian}, E. and {Branchesi}, M. and {Stamerra}, A.},
    title = "{Prospects for joint observations of gravitational waves and gamma rays from merging neutron star binaries}",
  journal = {\jcap},
archivePrefix = "arXiv",
   eprint = {1606.06124},
 primaryClass = "astro-ph.HE",
     year = 2016,
    month = nov,
   volume = 11,
      eid = {056},
    pages = {056},
      doi = {10.1088/1475-7516/2016/11/056},
   adsurl = {http://adsabs.harvard.edu/abs/2016JCAP...11..056P},
  adsnote = {Provided by the SAO/NASA Astrophysics Data System}
}

@ARTICLE{GRB170817A_Discovery,
   author = {{Connaughton}, V. and others},
    title = "{GRB170817A}",
  journal = {Gamma Ray Coordinates Network Circular},
     year = 2017,
   volume = 21506,
}

@ARTICLE{Hjorth2017,
   author = {{Hjorth}, J. and {Levan}, A.~J. and {Tanvir}, N.~R. and {Lyman}, J.~D. and 
	{Wojtak}, R. and {Schr{\o}der}, S.~L. and {Mandel}, I. and {Gall}, C. and 
	{Bruun}, S.~H.},
    title = "{The Distance to NGC 4993: The Host Galaxy of the Gravitational-wave Event GW170817}",
  journal = {\apjl},
archivePrefix = "arXiv",
   eprint = {1710.05856},
 keywords = {galaxies: distances and redshifts, galaxies: fundamental parameters, galaxies: individual: NGC 4993},
     year = 2017,
    month = oct,
   volume = 848,
      eid = {L31},
    pages = {L31},
      doi = {10.3847/2041-8213/aa9110},
   adsurl = {http://adsabs.harvard.edu/abs/2017ApJ...848L..31H},
  adsnote = {Provided by the SAO/NASA Astrophysics Data System}
}

@ARTICLE{Barthelmy05,
   author = {{Barthelmy}, S.~D. and {Barbier}, L.~M. and {Cummings}, J.~R. and 
	{Fenimore}, E.~E. and {Gehrels}, N. and {Hullinger}, D. and 
	{Krimm}, H.~A. and {Markwardt}, C.~B. and {Palmer}, D.~M. and 
	{Parsons}, A. and {Sato}, G. and {Suzuki}, M. and {Takahashi}, T. and 
	{Tashiro}, M. and {Tueller}, J.},
    title = "{The Burst Alert Telescope (BAT) on the SWIFT Midex Mission}",
  journal = {\ssr},
   eprint = {astro-ph/0507410},
 keywords = {gamma-ray, GRB, hard X-ray, survey, burst, afterglow, CZT, coded aperture, astrophysics, cosmology},
     year = 2005,
    month = oct,
   volume = 120,
    pages = {143-164},
      doi = {10.1007/s11214-005-5096-3},
   adsurl = {http://adsabs.harvard.edu/abs/2005SSRv..120..143B},
  adsnote = {Provided by the SAO/NASA Astrophysics Data System}
}

@ARTICLE{Roming05,
   author = {{Roming}, P.~W.~A. and {Kennedy}, T.~E. and {Mason}, K.~O. and 
	{Nousek}, J.~A. and {Ahr}, L. and {Bingham}, R.~E. and {Broos}, P.~S. and 
	{Carter}, M.~J. and {Hancock}, B.~K. and {Huckle}, H.~E. and 
	{Hunsberger}, S.~D. and {Kawakami}, H. and {Killough}, R. and 
	{Koch}, T.~S. and {McLelland}, M.~K. and {Smith}, K. and {Smith}, P.~J. and 
	{Soto}, J.~C. and {Boyd}, P.~T. and {Breeveld}, A.~A. and {Holland}, S.~T. and 
	{Ivanushkina}, M. and {Pryzby}, M.~S. and {Still}, M.~D. and 
	{Stock}, J.},
    title = "{The Swift Ultra-Violet/Optical Telescope}",
  journal = {\ssr},
   eprint = {astro-ph/0507413},
     year = 2005,
    month = oct,
   volume = 120,
    pages = {95-142},
      doi = {10.1007/s11214-005-5095-4},
   adsurl = {http://adsabs.harvard.edu/abs/2005SSRv..120...95R},
  adsnote = {Provided by the SAO/NASA Astrophysics Data System}
}

@ARTICLE{Burrows05,
   author = {{Burrows}, D.~N. and {Hill}, J.~E. and {Nousek}, J.~A. and {Kennea}, J.~A. and 
	{Wells}, A. and {Osborne}, J.~P. and {Abbey}, A.~F. and {Beardmore}, A. and 
	{Mukerjee}, K. and {Short}, A.~D.~T. and {Chincarini}, G. and 
	{Campana}, S. and {Citterio}, O. and {Moretti}, A. and {Pagani}, C. and 
	{Tagliaferri}, G. and {Giommi}, P. and {Capalbi}, M. and {Tamburelli}, F. and 
	{Angelini}, L. and {Cusumano}, G. and {Br{\"a}uninger}, H.~W. and 
	{Burkert}, W. and {Hartner}, G.~D.},
    title = "{The Swift X-Ray Telescope}",
  journal = {\ssr},
   eprint = {astro-ph/0508071},
 keywords = {gamma-ray burst, X-ray telescope, Swift, X-ray instrumentation, X-ray CCD detector, X-ray mirrors, {$\gamma$}-ray burst},
     year = 2005,
    month = oct,
   volume = 120,
    pages = {165-195},
      doi = {10.1007/s11214-005-5097-2},
   adsurl = {http://adsabs.harvard.edu/abs/2005SSRv..120..165B},
  adsnote = {Provided by the SAO/NASA Astrophysics Data System}
}


@ARTICLE{Meegan09,
   author = {{Meegan}, C. and {Lichti}, G. and {Bhat}, P.~N. and {Bissaldi}, E. and 
	{Briggs}, M.~S. and {Connaughton}, V. and {Diehl}, R. and {Fishman}, G. and 
	{Greiner}, J. and {Hoover}, A.~S. and {van der Horst}, A.~J. and 
	{von Kienlin}, A. and {Kippen}, R.~M. and {Kouveliotou}, C. and 
	{McBreen}, S. and {Paciesas}, W.~S. and {Preece}, R. and {Steinle}, H. and 
	{Wallace}, M.~S. and {Wilson}, R.~B. and {Wilson-Hodge}, C.},
    title = "{The Fermi Gamma-ray Burst Monitor}",
  journal = {\apj},
archivePrefix = "arXiv",
   eprint = {0908.0450},
 primaryClass = "astro-ph.IM",
 keywords = {gamma rays: bursts, instrumentation: detectors},
     year = 2009,
    month = sep,
   volume = 702,
      eid = {791-804},
    pages = {791-804},
      doi = {10.1088/0004-637X/702/1/791},
   adsurl = {http://adsabs.harvard.edu/abs/2009ApJ...702..791M},
  adsnote = {Provided by the SAO/NASA Astrophysics Data System}
}

@ARTICLE{Blackburn2015,
   author = {{Blackburn}, L. and {Briggs}, M.~S. and {Camp}, J. and {Christensen}, N. and 
	{Connaughton}, V. and {Jenke}, P. and {Remillard}, R.~A. and 
	{Veitch}, J.},
    title = "{High-Energy Electromagnetic Offline Follow-Up of Ligo-Virgo Gravitational-Wave Binary Coalescence Candidate Events}",
  journal = {\apjs},
archivePrefix = "arXiv",
   eprint = {1410.0929},
 primaryClass = "astro-ph.HE",
 keywords = {gravitational waves, gamma-ray burst: general},
     year = 2015,
    month = mar,
   volume = 217,
      eid = {8},
    pages = {8},
      doi = {10.1088/0067-0049/217/1/8},
   adsurl = {http://adsabs.harvard.edu/abs/2015ApJS..217....8B},
  adsnote = {Provided by the SAO/NASA Astrophysics Data System}
}

@ARTICLE{Goldstein2016,
   author = {{Goldstein}, A. and {Burns}, E. and {Hamburg}, R. and {Connaughton}, V. and 
	{Veres}, P. and {Briggs}, M.~S. and {Hui}, C.~M. and {The GBM-LIGO Collaboration}
	},
    title = "{Updates to the Fermi-GBM Short GRB Targeted Offline Search in Preparation for LIGO's Second Observing Run}",
  journal = {ArXiv e-prints},
archivePrefix = "arXiv",
   eprint = {1612.02395},
 primaryClass = "astro-ph.IM",
 keywords = {Astrophysics - Instrumentation and Methods for Astrophysics, Astrophysics - High Energy Astrophysical Phenomena},
     year = 2016,
    month = dec,
   adsurl = {http://adsabs.harvard.edu/abs/2016arXiv161202395G},
  adsnote = {Provided by the SAO/NASA Astrophysics Data System}
}

@ARTICLE{Lien2016,
   author = {{Lien}, A. and {Sakamoto}, T. and {Barthelmy}, S.~D. and {Baumgartner}, W.~H. and 
	{Cannizzo}, J.~K. and {Chen}, K. and {Collins}, N.~R. and {Cummings}, J.~R. and 
	{Gehrels}, N. and {Krimm}, H.~A. and {Markwardt}, C.~B. and 
	{Palmer}, D.~M. and {Stamatikos}, M. and {Troja}, E. and {Ukwatta}, T.~N.
	},
    title = "{The Third Swift Burst Alert Telescope Gamma-Ray Burst Catalog}",
  journal = {\apj},
archivePrefix = "arXiv",
   eprint = {1606.01956},
 primaryClass = "astro-ph.HE",
 keywords = {gamma-ray burst: general},
     year = 2016,
    month = sep,
   volume = 829,
      eid = {7},
    pages = {7},
      doi = {10.3847/0004-637X/829/1/7},
   adsurl = {http://adsabs.harvard.edu/abs/2016ApJ...829....7L},
  adsnote = {Provided by the SAO/NASA Astrophysics Data System}
}

@ARTICLE{Connaughton2016,
   author = {{Connaughton}, V. and {Burns}, E. and {Goldstein}, A. and {Blackburn}, L. and 
	{Briggs}, M.~S. and {Zhang}, B.-B. and {Camp}, J. and {Christensen}, N. and 
	{Hui}, C.~M. and {Jenke}, P. and {Littenberg}, T. and {McEnery}, J.~E. and 
	{Racusin}, J. and {Shawhan}, P. and {Singer}, L. and {Veitch}, J. and 
	{Wilson-Hodge}, C.~A. and {Bhat}, P.~N. and {Bissaldi}, E. and 
	{Cleveland}, W. and {Fitzpatrick}, G. and {Giles}, M.~M. and 
	{Gibby}, M.~H. and {von Kienlin}, A. and {Kippen}, R.~M. and 
	{McBreen}, S. and {Mailyan}, B. and {Meegan}, C.~A. and {Paciesas}, W.~S. and 
	{Preece}, R.~D. and {Roberts}, O.~J. and {Sparke}, L. and {Stanbro}, M. and 
	{Toelge}, K. and {Veres}, P.},
    title = "{Fermi GBM Observations of LIGO Gravitational-wave Event GW150914}",
  journal = {\apjl},
archivePrefix = "arXiv",
   eprint = {1602.03920},
 primaryClass = "astro-ph.HE",
 keywords = {gamma-ray burst: general, gravitational waves},
     year = 2016,
    month = jul,
   volume = 826,
      eid = {L6},
    pages = {L6},
      doi = {10.3847/2041-8205/826/1/L6},
   adsurl = {http://adsabs.harvard.edu/abs/2016ApJ...826L...6C},
  adsnote = {Provided by the SAO/NASA Astrophysics Data System}
}

@article{savchenko2016integral,
  title={INTEGRAL upper limits on gamma-ray emission associated with the gravitational wave event GW150914},
  author={Savchenko, Volodymyr and Ferrigno, Carlo and Mereghetti, Sandro and Natalucci, Lorenzo and Bazzano, Angela and Bozzo, Enrico and Brandt, S{\o}ren and Courvoisier, TJ-L and Diehl, R and Hanlon, L and others},
  journal={The Astrophysical Journal Letters},
  volume={820},
  number={2},
  pages={L36},
  year={2016},
  publisher={IOP Publishing}
}

@article{greiner2016fermi,
  title={On the Fermi-GBM event 0.4 s after GW150914},
  author={Greiner, J and Burgess, J Michael and Savchenko, V and Yu, H-F},
  journal={The Astrophysical Journal Letters},
  volume={827},
  number={2},
  pages={L38},
  year={2016},
  publisher={IOP Publishing}
}

@ARTICLE{2018arXiv180102305C,
   author = {{Connaughton}, V. and {Burns}, E. and {Goldstein}, A. and {Blackburn}, L. and 
	{Briggs}, M.~S. and {Christensen}, N. and {Hui}, C.~M. and {Kocevski}, D. and 
	{Littenberg}, T. and {McEnery}, J.~E. and {Racusin}, J. and 
	{Shawhan}, P. and {Veitch}, J. and {Wilson-Hodge}, C.~A. and 
	{Bhat}, P.~N. and {Bissaldi}, E. and {Cleveland}, W. and {Giles}, M.~M. and 
	{Gibby}, M.~H. and {von Kienlin}, A. and {Kippen}, R.~M. and 
	{McBreen}, S. and {Meegan}, C.~A. and {Paciesas}, W.~S. and 
	{Preece}, R.~D. and {Roberts}, O.~J. and {Stanbro}, M. and {Veres}, P.
	},
    title = "{On the interpretation of the Fermi GBM transient observed in coincidence with LIGO Gravitational Wave Event GW150914}",
  journal = {ArXiv e-prints},
archivePrefix = "arXiv",
   eprint = {1801.02305},
 primaryClass = "astro-ph.HE",
 keywords = {Astrophysics - High Energy Astrophysical Phenomena},
     year = 2018,
    month = jan,
   adsurl = {http://adsabs.harvard.edu/abs/2018arXiv180102305C},
  adsnote = {Provided by the SAO/NASA Astrophysics Data System}
}

@article{Zhang2016,
  author={Bing Zhang},
  title={Mergers of Charged Black Holes: Gravitational-wave Events, Short Gamma-Ray Bursts, and Fast Radio Bursts},
  journal={The Astrophysical Journal Letters},
  volume={827},
  number={2},
  pages={L31},
  url={http://stacks.iop.org/2041-8205/827/i=2/a=L31},
  year={2016},
  abstract={The discoveries of GW150914, GW151226, and LVT151012 suggest that double black hole (BH‚ÄìBH) mergers are common in the universe. If at least one of the two merging black holes (BHs) carries a certain amount of charge, possibly retained by a rotating magnetosphere, the inspiral of a BH‚ÄìBH system would drive a global magnetic dipole normal to the orbital plane. The rapidly evolving magnetic moment during the merging process would drive a Poynting flux with an increasing wind power. The magnetospheric activities during the final phase of the merger would make a fast radio burst (FRB) if the BH charge can be as large as a factor of ##IMG## [http://ej.iop.org/images/2041-8205/827/2/L31/apjlaa33d5ieqn1.gif] {$\hat{q}\sim ({10}^{-9}\mbox{--}{10}^{-8})$} of the critical charge Q c of the BH. At large radii, dissipation of the Poynting flux energy in the outflow would power a short-duration high-energy transient, which would appear as a detectable short-duration gamma-ray burst (GRB) if the charge can be as large as ##IMG## [http://ej.iop.org/images/2041-8205/827/2/L31/apjlaa33d5ieqn2.gif] {$\hat{q}\sim ({10}^{-5}\mbox{--}{10}^{-4})$} . The putative short GRB coincident with GW150914 recorded by Fermi GBM may be interpreted with this model. Future joint GW/GRB/FRB searches would lead to a measurement or place a constraint on the charges carried by isolate BHs.}
}

@ARTICLE{Fraschetti2016,
   author = {{Fraschetti}, F.},
    title = "{Possible role of magnetic reconnection in the electromagnetic counterpart of binary black hole merger}",
  journal = {ArXiv e-prints},
archivePrefix = "arXiv",
   eprint = {1603.01950},
 primaryClass = "astro-ph.HE",
 keywords = {Astrophysics - High Energy Astrophysical Phenomena, Astrophysics - Cosmology and Nongalactic Astrophysics, General Relativity and Quantum Cosmology, Physics - Plasma Physics},
     year = 2016,
    month = mar,
   adsurl = {http://adsabs.harvard.edu/abs/2016arXiv160301950F},
  adsnote = {Provided by the SAO/NASA Astrophysics Data System}
}

@ARTICLE{Liebling2016,
   author = {{Liebling}, S.~L. and {Palenzuela}, C.},
    title = "{Electromagnetic luminosity of the coalescence of charged black hole binaries}",
  journal = {\prd},
archivePrefix = "arXiv",
   eprint = {1607.02140},
 primaryClass = "gr-qc",
     year = 2016,
    month = sep,
   volume = 94,
   number = 6,
      eid = {064046},
    pages = {064046},
      doi = {10.1103/PhysRevD.94.064046},
   adsurl = {http://adsabs.harvard.edu/abs/2016PhRvD..94f4046L},
  adsnote = {Provided by the SAO/NASA Astrophysics Data System}
}

@ARTICLE{Bartos2017,
   author = {{Bartos}, I. and {Kocsis}, B. and {Haiman}, Z. and {M{\'a}rka}, S.
	},
    title = "{Rapid and Bright Stellar-mass Binary Black Hole Mergers in Active Galactic Nuclei}",
  journal = {\apj},
archivePrefix = "arXiv",
   eprint = {1602.03831},
 primaryClass = "astro-ph.HE",
 keywords = {gravitational waves, stars: black holes},
     year = 2017,
    month = feb,
   volume = 835,
      eid = {165},
    pages = {165},
      doi = {10.3847/1538-4357/835/2/165},
   adsurl = {http://adsabs.harvard.edu/abs/2017ApJ...835..165B},
  adsnote = {Provided by the SAO/NASA Astrophysics Data System}
}

@ARTICLE{Stone2017,
   author = {{Stone}, N.~C. and {Metzger}, B.~D. and {Haiman}, Z.},
    title = "{Assisted inspirals of stellar mass black holes embedded in AGN discs: solving the `final au problem'}",
  journal = {\mnras},
archivePrefix = "arXiv",
   eprint = {1602.04226},
 keywords = {gravitational waves, galaxies: nuclei, quasars: general, quasars: supermassive black holes},
     year = 2017,
    month = jan,
   volume = 464,
    pages = {946-954},
      doi = {10.1093/mnras/stw2260},
   adsurl = {http://adsabs.harvard.edu/abs/2017MNRAS.464..946S},
  adsnote = {Provided by the SAO/NASA Astrophysics Data System}
}

@ARTICLE{Perna2016,
   author = {{Perna}, R. and {Lazzati}, D. and {Giacomazzo}, B.},
    title = "{Short Gamma-Ray Bursts from the Merger of Two Black Holes}",
  journal = {\apjl},
archivePrefix = "arXiv",
   eprint = {1602.05140},
 primaryClass = "astro-ph.HE",
 keywords = {accretion, accretion disks, gamma-ray burst: general, gravitational waves, stars: black holes, stars: massive},
     year = 2016,
    month = apr,
   volume = 821,
      eid = {L18},
    pages = {L18},
      doi = {10.3847/2041-8205/821/1/L18},
   adsurl = {http://adsabs.harvard.edu/abs/2016ApJ...821L..18P},
  adsnote = {Provided by the SAO/NASA Astrophysics Data System}
}

@ARTICLE{Murase2016,
   author = {{Murase}, K. and {Kashiyama}, K. and {M{\'e}sz{\'a}ros}, P. and 
	{Shoemaker}, I. and {Senno}, N.},
    title = "{Ultrafast Outflows from Black Hole Mergers with a Minidisk}",
  journal = {\apjl},
archivePrefix = "arXiv",
   eprint = {1602.06938},
 primaryClass = "astro-ph.HE",
 keywords = {accretion, accretion disks, binaries: close, black hole physics, cosmic rays, gravitational waves},
     year = 2016,
    month = may,
   volume = 822,
      eid = {L9},
    pages = {L9},
      doi = {10.3847/2041-8205/822/1/L9},
   adsurl = {http://adsabs.harvard.edu/abs/2016ApJ...822L...9M},
  adsnote = {Provided by the SAO/NASA Astrophysics Data System}
}

@ARTICLE{Janiuk2017,
   author = {{Janiuk}, A. and {Bejger}, M. and {Charzy{\'n}ski}, S. and {Sukova}, P.
	},
    title = "{On the possible gamma-ray burst-gravitational wave association in GW150914}",
  journal = {\na},
archivePrefix = "arXiv",
   eprint = {1604.07132},
 primaryClass = "astro-ph.HE",
 keywords = {Black hole physics, Accretion, Accretion disks, Gravitational waves, Neutrinos},
     year = 2017,
    month = feb,
   volume = 51,
    pages = {7-14},
      doi = {10.1016/j.newast.2016.08.002},
   adsurl = {http://adsabs.harvard.edu/abs/2017NewA...51....7J},
  adsnote = {Provided by the SAO/NASA Astrophysics Data System}
}

@ARTICLE{Dai2017,
   author = {{Dai}, L. and {McKinney}, J.~C. and {Miller}, M.~C.},
    title = "{Energetic constraints on electromagnetic signals from double black hole mergers}",
  journal = {\mnras},
archivePrefix = "arXiv",
   eprint = {1611.00764},
 primaryClass = "astro-ph.HE",
 keywords = {black hole physics, gravitational waves, neutrinos, stars: black holes, gamma-ray burst: general, supernovae: general},
     year = 2017,
    month = sep,
   volume = 470,
    pages = {L92-L96},
      doi = {10.1093/mnrasl/slx086},
   adsurl = {http://adsabs.harvard.edu/abs/2017MNRAS.470L..92D},
  adsnote = {Provided by the SAO/NASA Astrophysics Data System}
}

@ARTICLE{Loeb2016,
   author = {{Loeb}, A.},
    title = "{Electromagnetic Counterparts to Black Hole Mergers Detected by LIGO}",
  journal = {\apjl},
archivePrefix = "arXiv",
   eprint = {1602.04735},
 primaryClass = "astro-ph.HE",
 keywords = {gamma-ray burst: general, gravitational waves},
     year = 2016,
    month = mar,
   volume = 819,
      eid = {L21},
    pages = {L21},
      doi = {10.3847/2041-8205/819/2/L21},
   adsurl = {http://adsabs.harvard.edu/abs/2016ApJ...819L..21L},
  adsnote = {Provided by the SAO/NASA Astrophysics Data System}
}

@ARTICLE{Fedrow2017,
   author = {{Fedrow}, J.~M. and {Ott}, C.~D. and {Sperhake}, U. and {Blackman}, J. and 
	{Haas}, R. and {Reisswig}, C. and {De Felice}, A.},
    title = "{Gravitational Waves from Binary Black Hole Mergers inside Stars}",
  journal = {Physical Review Letters},
archivePrefix = "arXiv",
   eprint = {1704.07383},
 primaryClass = "astro-ph.HE",
     year = 2017,
    month = oct,
   volume = 119,
   number = 17,
      eid = {171103},
    pages = {171103},
      doi = {10.1103/PhysRevLett.119.171103},
   adsurl = {http://adsabs.harvard.edu/abs/2017PhRvL.119q1103F},
  adsnote = {Provided by the SAO/NASA Astrophysics Data System}
}

@ARTICLE{Lyutikov2016,
   author = {{Lyutikov}, M.},
    title = "{Fermi GBM signal contemporaneous with GW150914 - an unlikely association}",
  journal = {ArXiv e-prints},
archivePrefix = "arXiv",
   eprint = {1602.07352},
 primaryClass = "astro-ph.HE",
 keywords = {Astrophysics - High Energy Astrophysical Phenomena, General Relativity and Quantum Cosmology},
     year = 2016,
    month = feb,
   adsurl = {http://adsabs.harvard.edu/abs/2016arXiv160207352L},
  adsnote = {Provided by the SAO/NASA Astrophysics Data System}
}

@ARTICLE{Khan2018,
   author = {{Khan}, A. and {Paschalidis}, V. and {Ruiz}, M. and {Shapiro}, S.~L.
	},
    title = "{Disks Around Merging Binary Black Holes: From GW150914 to Supermassive Black Holes}",
  journal = {ArXiv e-prints},
archivePrefix = "arXiv",
   eprint = {1801.02624},
 primaryClass = "astro-ph.HE",
 keywords = {Astrophysics - High Energy Astrophysical Phenomena, Astrophysics - Astrophysics of Galaxies, Astrophysics - Solar and Stellar Astrophysics, General Relativity and Quantum Cosmology},
     year = 2018,
    month = jan,
   adsurl = {http://adsabs.harvard.edu/abs/2018arXiv180102624K},
  adsnote = {Provided by the SAO/NASA Astrophysics Data System}
}

@ARTICLE{Abbott2016a,
   author = {{Abbott}, B.~P. and {Abbott}, R. and {Abbott}, T.~D. and {Abernathy}, M.~R. and 
	{Acernese}, F. and {Ackley}, K. and {Adams}, C. and {Adams}, T. and 
	{Addesso}, P. and {Adhikari}, R.~X. and et al.},
    title = "{Properties of the Binary Black Hole Merger GW150914}",
  journal = {Physical Review Letters},
archivePrefix = "arXiv",
   eprint = {1602.03840},
 primaryClass = "gr-qc",
     year = 2016,
    month = jun,
   volume = 116,
   number = 24,
      eid = {241102},
    pages = {241102},
      doi = {10.1103/PhysRevLett.116.241102},
   adsurl = {http://adsabs.harvard.edu/abs/2016PhRvL.116x1102A},
  adsnote = {Provided by the SAO/NASA Astrophysics Data System}
}

@ARTICLE{Abbott2016b,
   author = {{Abbott}, B.~P. and {Abbott}, R. and {Abbott}, T.~D. and {Abernathy}, M.~R. and 
	{Acernese}, F. and {Ackley}, K. and {Adams}, C. and {Adams}, T. and 
	{Addesso}, P. and {Adhikari}, R.~X. and et al.},
    title = "{GW151226: Observation of Gravitational Waves from a 22-Solar-Mass Binary Black Hole Coalescence}",
  journal = {Physical Review Letters},
archivePrefix = "arXiv",
   eprint = {1606.04855},
 primaryClass = "gr-qc",
     year = 2016,
    month = jun,
   volume = 116,
   number = 24,
      eid = {241103},
    pages = {241103},
      doi = {10.1103/PhysRevLett.116.241103},
   adsurl = {http://adsabs.harvard.edu/abs/2016PhRvL.116x1103A},
  adsnote = {Provided by the SAO/NASA Astrophysics Data System}
}

@ARTICLE{Abbott2016d,
   author = {{Abbott}, B.~P. and {Abbott}, R. and {Abbott}, T.~D. and {Abernathy}, M.~R. and 
	{Acernese}, F. and {Ackley}, K. and {Adams}, C. and {Adams}, T. and 
	{Addesso}, P. and {Adhikari}, R.~X. and et al.},
    title = "{Binary Black Hole Mergers in the First Advanced LIGO Observing Run}",
  journal = {Physical Review X},
archivePrefix = "arXiv",
   eprint = {1606.04856},
 primaryClass = "gr-qc",
     year = 2016,
    month = oct,
   volume = 6,
   number = 4,
      eid = {041015},
    pages = {041015},
      doi = {10.1103/PhysRevX.6.041015},
   adsurl = {http://adsabs.harvard.edu/abs/2016PhRvX...6d1015A},
  adsnote = {Provided by the SAO/NASA Astrophysics Data System}
}

@ARTICLE{Abbott2016c,
   author = {{Abbott}, B.~P. and {Abbott}, R. and {Abbott}, T.~D. and {Abernathy}, M.~R. and 
	{Acernese}, F. and {Ackley}, K. and {Adams}, C. and {Adams}, T. and 
	{Addesso}, P. and {Adhikari}, R.~X. and et al.},
    title = "{Astrophysical Implications of the Binary Black-hole Merger GW150914}",
  journal = {\apjl},
archivePrefix = "arXiv",
   eprint = {1602.03846},
 primaryClass = "astro-ph.HE",
 keywords = {gravitational waves, stars: black holes, stars: massive},
     year = 2016,
    month = feb,
   volume = 818,
      eid = {L22},
    pages = {L22},
      doi = {10.3847/2041-8205/818/2/L22},
   adsurl = {http://adsabs.harvard.edu/abs/2016ApJ...818L..22A},
  adsnote = {Provided by the SAO/NASA Astrophysics Data System}
}

@ARTICLE{Abbott2017a,
   author = {{Abbott}, B.~P. and {Abbott}, R. and {Abbott}, T.~D. and {Acernese}, F. and 
	{Ackley}, K. and {Adams}, C. and {Adams}, T. and {Addesso}, P. and 
	{Adhikari}, R.~X. and {Adya}, V.~B. and et al.},
    title = "{GW170104: Observation of a 50-Solar-Mass Binary Black Hole Coalescence at Redshift 0.2}",
  journal = {Physical Review Letters},
archivePrefix = "arXiv",
   eprint = {1706.01812},
 primaryClass = "gr-qc",
     year = 2017,
    month = jun,
   volume = 118,
   number = 22,
      eid = {221101},
    pages = {221101},
      doi = {10.1103/PhysRevLett.118.221101},
   adsurl = {http://adsabs.harvard.edu/abs/2017PhRvL.118v1101A},
  adsnote = {Provided by the SAO/NASA Astrophysics Data System}
}

@ARTICLE{Abbott2017b,
   author = {{Abbott}, B.~P. and {Abbott}, R. and {Abbott}, T.~D. and {Acernese}, F. and 
	{Ackley}, K. and {Adams}, C. and {Adams}, T. and {Addesso}, P. and 
	{Adhikari}, R.~X. and {Adya}, V.~B. and et al.},
    title = "{GW170814: A Three-Detector Observation of Gravitational Waves from a Binary Black Hole Coalescence}",
  journal = {Physical Review Letters},
archivePrefix = "arXiv",
   eprint = {1709.09660},
 primaryClass = "gr-qc",
     year = 2017,
    month = oct,
   volume = 119,
   number = 14,
      eid = {141101},
    pages = {141101},
      doi = {10.1103/PhysRevLett.119.141101},
   adsurl = {http://adsabs.harvard.edu/abs/2017PhRvL.119n1101A},
  adsnote = {Provided by the SAO/NASA Astrophysics Data System}
}

@ARTICLE{Savchenko2017,
   author = {{Savchenko}, V. and {Ferrigno}, C. and {Kuulkers}, E. and {Bazzano}, A. and 
	{Bozzo}, E. and {Brandt}, S. and {Chenevez}, J. and {Courvoisier}, T.~J.-L. and 
	{Diehl}, R. and {Domingo}, A. and {Hanlon}, L. and {Jourdain}, E. and 
	{von Kienlin}, A. and {Laurent}, P. and {Lebrun}, F. and {Lutovinov}, A. and 
	{Martin-Carrillo}, A. and {Mereghetti}, S. and {Natalucci}, L. and 
	{Rodi}, J. and {Roques}, J.-P. and {Sunyaev}, R. and {Ubertini}, P.
	},
    title = "{INTEGRAL Detection of the First Prompt Gamma-Ray Signal Coincident with the Gravitational-wave Event GW170817}",
  journal = {\apjl},
archivePrefix = "arXiv",
   eprint = {1710.05449},
 primaryClass = "astro-ph.HE",
 keywords = {gamma rays: general, gamma-ray burst: general, gravitational waves},
     year = 2017,
    month = oct,
   volume = 848,
      eid = {L15},
    pages = {L15},
      doi = {10.3847/2041-8213/aa8f94},
   adsurl = {http://adsabs.harvard.edu/abs/2017ApJ...848L..15S},
  adsnote = {Provided by the SAO/NASA Astrophysics Data System}
}

