@String(PAMI  = {IEEE TPAMI})
@String(IJCV  = {IJCV})
@String(CVPR  = {CVPR})
@String(ICCV  = {ICCV})
@String(ECCV  = {ECCV})
@String(NIPS  = {NeurIPS})
@String(ICPR  = {ICPR})
@String(BMVC  =	{BMVC})
@String(TOG   = {ACM TOG})
@String(TIP   = {IEEE TIP})
@String(TVCG  = {IEEE TVCG})
@String(TCSVT = {IEEE TCSVT})
@String(TMM   =	{IEEE TMM})
@String(ACMMM = {ACM MM})
@String(ICME  =	{ICME})
@String(ICASSP=	{ICASSP})
@String(ICIP  = {ICIP})
@String(ACCV  = {ACCV})
@String(ICLR  = {ICLR})
@String(IJCAI = {IJCAI})
@String(PR = {PR})
@String(AAAI = {AAAI})
@String(CVPRW= {CVPRW})
@String(CSVT = {IEEE TCSVT})



@String(PAMI = {IEEE Trans. Pattern Anal. Mach. Intell.})
@String(IJCV = {Int. J. Comput. Vis.})
@String(CVPR= {IEEE Conf. Comput. Vis. Pattern Recog.})
@String(ICCV= {Int. Conf. Comput. Vis.})
@String(ECCV= {Eur. Conf. Comput. Vis.})
@String(NIPS= {Adv. Neural Inform. Process. Syst.})
@String(ICPR = {Int. Conf. Pattern Recog.})
@String(BMVC= {Brit. Mach. Vis. Conf.})
@String(TOG= {ACM Trans. Graph.})
@String(TIP  = {IEEE Trans. Image Process.})
@String(TVCG  = {IEEE Trans. Vis. Comput. Graph.})
@String(TMM  = {IEEE Trans. Multimedia})
@String(ACMMM= {ACM Int. Conf. Multimedia})
@String(ICME = {Int. Conf. Multimedia and Expo})
@String(ICASSP=	{ICASSP})
@String(ICIP = {IEEE Int. Conf. Image Process.})
@String(ACCV  = {ACCV})
@String(ICLR = {Int. Conf. Learn. Represent.})
@String(IJCAI = {IJCAI})
@String(PR   = {Pattern Recognition})
@String(AAAI = {AAAI})
@String(CVPRW= {IEEE Conf. Comput. Vis. Pattern Recog. Worksh.})
@String(CSVT = {IEEE Trans. Circuit Syst. Video Technol.})

@String(SPL	= {IEEE Sign. Process. Letters})
@String(VR   = {Vis. Res.})
@String(JOV	 = {J. Vis.})
@String(TVC  = {The Vis. Comput.})
@String(JCST  = {J. Comput. Sci. Tech.})
@String(CGF  = {Comput. Graph. Forum})
@String(CVM = {Computational Visual Media})

@article{clipgen,
  title={CLIP-GEN: Language-Free Training of a Text-to-Image Generator with CLIP},
  author={Wang, Zihao and Liu, Wei and He, Qian and Wu, Xinglong and Yi, Zili},
  journal={arXiv preprint arXiv:2203.00386},
  year={2022}
}

@inproceedings{clip,
  title={Learning transferable visual models from natural language supervision},
  author={Radford, Alec and Kim, Jong Wook and Hallacy, Chris and Ramesh, Aditya and Goh, Gabriel and Agarwal, Sandhini and Sastry, Girish and Askell, Amanda and Mishkin, Pamela and Clark, Jack and others},
  booktitle={International Conference on Machine Learning},
  pages={8748--8763},
  year={2021},
  organization={PMLR}
}

@inproceedings{sg2,
  title={Analyzing and improving the image quality of stylegan},
  author={Karras, Tero and Laine, Samuli and Aittala, Miika and Hellsten, Janne and Lehtinen, Jaakko and Aila, Timo},
  booktitle={Proceedings of the IEEE/CVF conference on computer vision and pattern recognition},
  pages={8110--8119},
  year={2020}
}

@inproceedings{swin,
  title={Swin transformer: Hierarchical vision transformer using shifted windows},
  author={Liu, Ze and Lin, Yutong and Cao, Yue and Hu, Han and Wei, Yixuan and Zhang, Zheng and Lin, Stephen and Guo, Baining},
  booktitle={Proceedings of the IEEE/CVF international conference on computer vision},
  pages={10012--10022},
  year={2021}
}

@inproceedings{eg3d,
  title={Efficient geometry-aware 3D generative adversarial networks},
  author={Chan, Eric R and Lin, Connor Z and Chan, Matthew A and Nagano, Koki and Pan, Boxiao and De Mello, Shalini and Gallo, Orazio and Guibas, Leonidas J and Tremblay, Jonathan and Khamis, Sameh and others},
  booktitle={Proceedings of the IEEE/CVF Conference on Computer Vision and Pattern Recognition},
  pages={16123--16133},
  year={2022}
}

@article{gannum,
  title={The numerics of gans},
  author={Mescheder, Lars and Nowozin, Sebastian and Geiger, Andreas},
  journal={Advances in neural information processing systems},
  volume={30},
  year={2017}
}

@article{rethinking3d,
  title={EpiGRAF: Rethinking training of 3D GANs},
  author={Skorokhodov, Ivan and Tulyakov, Sergey and Wang, Yiqun and Wonka, Peter},
  journal={arXiv preprint arXiv:2206.10535},
  year={2022}
}

@article{gan,
  title={Generative adversarial networks},
  author={Goodfellow, Ian and Pouget-Abadie, Jean and Mirza, Mehdi and Xu, Bing and Warde-Farley, David and Ozair, Sherjil and Courville, Aaron and Bengio, Yoshua},
  journal={Communications of the ACM},
  volume={63},
  number={11},
  pages={139--144},
  year={2020},
  publisher={ACM New York, NY, USA}
}

@article{dalle2,
  title={Hierarchical text-conditional image generation with clip latents},
  author={Ramesh, Aditya and Dhariwal, Prafulla and Nichol, Alex and Chu, Casey and Chen, Mark},
  journal={arXiv preprint arXiv:2204.06125},
  year={2022}
}

@article{vae,
  title={Auto-encoding variational bayes},
  author={Kingma, Diederik P and Welling, Max},
  journal={arXiv preprint arXiv:1312.6114},
  year={2013}
}

@inproceedings{subpixel,
  title={Real-time single image and video super-resolution using an efficient sub-pixel convolutional neural network},
  author={Shi, Wenzhe and Caballero, Jose and Husz{\'a}r, Ferenc and Totz, Johannes and Aitken, Andrew P and Bishop, Rob and Rueckert, Daniel and Wang, Zehan},
  booktitle={Proceedings of the IEEE conference on computer vision and pattern recognition},
  pages={1874--1883},
  year={2016}
}

@article{swish,
  title={Searching for activation functions},
  author={Ramachandran, Prajit and Zoph, Barret and Le, Quoc V},
  journal={arXiv preprint arXiv:1710.05941},
  year={2017}
}

@article{presgan,
  title={Prescribed generative adversarial networks},
  author={Dieng, Adji B and Ruiz, Francisco JR and Blei, David M and Titsias, Michalis K},
  journal={arXiv preprint arXiv:1910.04302},
  year={2019}
}

@article{vaebm,
  title={Vaebm: A symbiosis between variational autoencoders and energy-based models},
  author={Xiao, Zhisheng and Kreis, Karsten and Kautz, Jan and Vahdat, Arash},
  journal={arXiv preprint arXiv:2010.00654},
  year={2020}
}

@inproceedings{groupnorm,
  title={Group normalization},
  author={Wu, Yuxin and He, Kaiming},
  booktitle={Proceedings of the European conference on computer vision (ECCV)},
  pages={3--19},
  year={2018}
}

@inproceedings{edsr,
  title={Enhanced deep residual networks for single image super-resolution},
  author={Lim, Bee and Son, Sanghyun and Kim, Heewon and Nah, Seungjun and Mu Lee, Kyoung},
  booktitle={Proceedings of the IEEE conference on computer vision and pattern recognition workshops},
  pages={136--144},
  year={2017}
}


@inproceedings{pixshuffle,
  title={Real-time single image and video super-resolution using an efficient sub-pixel convolutional neural network},
  author={Shi, Wenzhe and Caballero, Jose and Husz{\'a}r, Ferenc and Totz, Johannes and Aitken, Andrew P and Bishop, Rob and Rueckert, Daniel and Wang, Zehan},
  booktitle={Proceedings of the IEEE conference on computer vision and pattern recognition},
  pages={1874--1883},
  year={2016}
}

@article{litevae,
  title={LiteVAE: Lightweight and Efficient Variational Autoencoders for Latent Diffusion Models},
  author={Sadat, Seyedmorteza and Buhmann, Jakob and Bradley, Derek and Hilliges, Otmar and Weber, Romann M},
  journal={arXiv preprint arXiv:2405.14477},
  year={2024}
}

@article{cgans,
  title={cGANs with projection discriminator},
  author={Miyato, Takeru and Koyama, Masanori},
  journal={arXiv preprint arXiv:1802.05637},
  year={2018}
}

@article{biggan,
  title={Large scale GAN training for high fidelity natural image synthesis},
  author={Brock, Andrew and Donahue, Jeff and Simonyan, Karen},
  journal={arXiv preprint arXiv:1809.11096},
  year={2018}
}

@article{adm,
  title={Diffusion models beat gans on image synthesis},
  author={Dhariwal, Prafulla and Nichol, Alexander},
  journal={Advances in neural information processing systems},
  volume={34},
  pages={8780--8794},
  year={2021}
}

@inproceedings{dit,
  title={Scalable diffusion models with transformers},
  author={Peebles, William and Xie, Saining},
  booktitle={Proceedings of the IEEE/CVF International Conference on Computer Vision},
  pages={4195--4205},
  year={2023}
}

@article{ddgan,
  title={Tackling the generative learning trilemma with denoising diffusion gans},
  author={Xiao, Zhisheng and Kreis, Karsten and Vahdat, Arash},
  journal={arXiv preprint arXiv:2112.07804},
  year={2021}
}

@article{meg,
  title={Maximum entropy generators for energy-based models},
  author={Kumar, Rithesh and Ozair, Sherjil and Goyal, Anirudh and Courville, Aaron and Bengio, Yoshua},
  journal={arXiv preprint arXiv:1901.08508},
  year={2019}
}

@article{advsm,
  title={Adversarial score matching and improved sampling for image generation},
  author={Jolicoeur-Martineau, Alexia and Pich{\'e}-Taillefer, R{\'e}mi and Combes, R{\'e}mi Tachet des and Mitliagkas, Ioannis},
  journal={arXiv preprint arXiv:2009.05475},
  year={2020}
}

@article{gelu,
  title={Gaussian error linear units (gelus)},
  author={Hendrycks, Dan and Gimpel, Kevin},
  journal={arXiv preprint arXiv:1606.08415},
  year={2016}
}

@article{smu,
  title={SMU: smooth activation function for deep networks using smoothing maximum technique},
  author={Biswas, Koushik and Kumar, Sandeep and Banerjee, Shilpak and Pandey, Ashish Kumar},
  journal={arXiv preprint arXiv:2111.04682},
  year={2021}
}

@inproceedings{prelu,
  title={Delving deep into rectifiers: Surpassing human-level performance on imagenet classification},
  author={He, Kaiming and Zhang, Xiangyu and Ren, Shaoqing and Sun, Jian},
  booktitle={Proceedings of the IEEE international conference on computer vision},
  pages={1026--1034},
  year={2015}
}

@article{diffusion,
  title={Denoising diffusion probabilistic models},
  author={Ho, Jonathan and Jain, Ajay and Abbeel, Pieter},
  journal={Advances in Neural Information Processing Systems},
  volume={33},
  pages={6840--6851},
  year={2020}
}

@inproceedings{flow,
  title={Variational inference with normalizing flows},
  author={Rezende, Danilo and Mohamed, Shakir},
  booktitle={International conference on machine learning},
  pages={1530--1538},
  year={2015},
  organization={PMLR}
}

@article{dreamfusion,
  title={Dreamfusion: Text-to-3d using 2d diffusion},
  author={Poole, Ben and Jain, Ajay and Barron, Jonathan T and Mildenhall, Ben},
  journal={arXiv preprint arXiv:2209.14988},
  year={2022}
}

@article{threedim,
  title={Novel View Synthesis with Diffusion Models},
  author={Watson, Daniel and Chan, William and Martin-Brualla, Ricardo and Ho, Jonathan and Tagliasacchi, Andrea and Norouzi, Mohammad},
  journal={arXiv preprint arXiv:2210.04628},
  year={2022}
}

@inproceedings{vrender,
  title={Overview of Volume Rendering},
  author={Arie E. Kaufman and Klaus Mueller},
  booktitle={The Visualization Handbook},
  year={2005}
}

@inproceedings{sgxl,
  title={{StyleGAN-XL}: Scaling stylegan to large diverse datasets},
  author={Sauer, Axel and Schwarz, Katja and Geiger, Andreas},
  booktitle={ACM SIGGRAPH 2022 conference proceedings},
  pages={1--10},
  year={2022}
}

@inproceedings{r1,
  title={Which training methods for GANs do actually converge?},
  author={Mescheder, Lars and Geiger, Andreas and Nowozin, Sebastian},
  booktitle={International conference on machine learning},
  pages={3481--3490},
  year={2018},
  organization={PMLR}
}

@inproceedings{convnext,
  title={A convnet for the 2020s},
  author={Liu, Zhuang and Mao, Hanzi and Wu, Chao-Yuan and Feichtenhofer, Christoph and Darrell, Trevor and Xie, Saining},
  booktitle={Proceedings of the IEEE/CVF Conference on Computer Vision and Pattern Recognition},
  pages={11976--11986},
  year={2022}
}

@inproceedings{metaformer,
  title={Metaformer is actually what you need for vision},
  author={Yu, Weihao and Luo, Mi and Zhou, Pan and Si, Chenyang and Zhou, Yichen and Wang, Xinchao and Feng, Jiashi and Yan, Shuicheng},
  booktitle={Proceedings of the IEEE/CVF conference on computer vision and pattern recognition},
  pages={10819--10829},
  year={2022}
}

@article{sg2ada,
  title={Training generative adversarial networks with limited data},
  author={Karras, Tero and Aittala, Miika and Hellsten, Janne and Laine, Samuli and Lehtinen, Jaakko and Aila, Timo},
  journal={Advances in neural information processing systems},
  volume={33},
  pages={12104--12114},
  year={2020}
}

@inproceedings{resnet,
  title={Deep residual learning for image recognition},
  author={He, Kaiming and Zhang, Xiangyu and Ren, Shaoqing and Sun, Jian},
  booktitle={Proceedings of the IEEE conference on computer vision and pattern recognition},
  pages={770--778},
  year={2016}
}

@article{fixup,
  title={Fixup initialization: Residual learning without normalization},
  author={Zhang, Hongyi and Dauphin, Yann N and Ma, Tengyu},
  journal={arXiv preprint arXiv:1901.09321},
  year={2019}
}

@article{nvrast,
  title   = {Modular Primitives for High-Performance Differentiable Rendering},
  author  = {Samuli Laine and Janne Hellsten and Tero Karras and Yeongho Seol and Jaakko Lehtinen and Timo Aila},
  journal = {ACM Transactions on Graphics},
  year    = {2020},
  volume  = {39},
  number  = {6}
}

@PROCEEDINGS{bfm09,
            title={A 3D Face Model for Pose and Illumination Invariant Face Recognition},
            author={P. Paysan and R. Knothe and B. Amberg
                    and S. Romdhani and T. Vetter},
            journal={Proceedings of the 6th IEEE International Conference on Advanced Video and Signal based Surveillance (AVSS)
                 for Security, Safety and Monitoring in Smart Environments},
            organization={IEEE},
            year={2009},
            address     = {Genova, Italy},
}

@inproceedings{pigan,
  title={pi-gan: Periodic implicit generative adversarial networks for 3d-aware image synthesis},
  author={Chan, Eric R and Monteiro, Marco and Kellnhofer, Petr and Wu, Jiajun and Wetzstein, Gordon},
  booktitle={Proceedings of the IEEE/CVF conference on computer vision and pattern recognition},
  pages={5799--5809},
  year={2021}
}

@article{styleflow,
  title={Styleflow: Attribute-conditioned exploration of stylegan-generated images using conditional continuous normalizing flows},
  author={Abdal, Rameen and Zhu, Peihao and Mitra, Niloy J and Wonka, Peter},
  journal={ACM Transactions on Graphics (ToG)},
  volume={40},
  number={3},
  pages={1--21},
  year={2021},
  publisher={ACM New York, NY}
}

@article{cgan,
  title={Conditional generative adversarial nets},
  author={Mirza, Mehdi and Osindero, Simon},
  journal={arXiv preprint arXiv:1411.1784},
  year={2014}
}

@book{deeplearning,
    title={Deep Learning},
    author={Ian Goodfellow and Yoshua Bengio and Aaron Courville},
    publisher={MIT Press},
    note={\url{http://www.deeplearningbook.org}},
    year={2016}
}

@ARTICLE{cnn,
  author={Lecun, Y. and Bottou, L. and Bengio, Y. and Haffner, P.},
  journal={Proceedings of the IEEE}, 
  title={Gradient-based learning applied to document recognition}, 
  year={1998},
  volume={86},
  number={11},
  pages={2278-2324},
  doi={10.1109/5.726791}
  }

@inproceedings{leakyrelu,
  title={Rectifier nonlinearities improve neural network acoustic models},
  author={Maas, Andrew L and Hannun, Awni Y and Ng, Andrew Y and others}
}

@inproceedings{semisg,
  title={Semi-supervised stylegan for disentanglement learning},
  author={Nie, Weili and Karras, Tero and Garg, Animesh and Debnath, Shoubhik and Patney, Anjul and Patel, Ankit B and Anandkumar, Anima},
  booktitle={Proceedings of the 37th International Conference on Machine Learning},
  pages={7360--7369},
  year={2020}
}

@inproceedings{disen_nonid,
  title={Challenging common assumptions in the unsupervised learning of disentangled representations},
  author={Locatello, Francesco and Bauer, Stefan and Lucic, Mario and Raetsch, Gunnar and Gelly, Sylvain and Sch{\"o}lkopf, Bernhard and Bachem, Olivier},
  booktitle={international conference on machine learning},
  pages={4114--4124},
  year={2019},
  organization={PMLR}
}

@inproceedings{recon,
  title={Accurate 3d face reconstruction with weakly-supervised learning: From single image to image set},
  author={Deng, Yu and Yang, Jiaolong and Xu, Sicheng and Chen, Dong and Jia, Yunde and Tong, Xin},
  booktitle={Proceedings of the IEEE/CVF conference on computer vision and pattern recognition workshops},
  pages={0--0},
  year={2019}
}

@inproceedings{gif,
  title={GIF: Generative interpretable faces},
  author={Ghosh, Partha and Gupta, Pravir Singh and Uziel, Roy and Ranjan, Anurag and Black, Michael J and Bolkart, Timo},
  booktitle={2020 International Conference on 3D Vision (3DV)},
  pages={868--878},
  year={2020},
  organization={IEEE}
}

@inproceedings{giraf,
  title={Giraffe: Representing scenes as compositional generative neural feature fields},
  author={Niemeyer, Michael and Geiger, Andreas},
  booktitle={Proceedings of the IEEE/CVF Conference on Computer Vision and Pattern Recognition},
  pages={11453--11464},
  year={2021}
}

@article{stylenerf,
  title={Stylenerf: A style-based 3d-aware generator for high-resolution image synthesis},
  author={Gu, Jiatao and Liu, Lingjie and Wang, Peng and Theobalt, Christian},
  journal={arXiv preprint arXiv:2110.08985},
  year={2021}
}

@inproceedings{gram,
  title={Gram: Generative radiance manifolds for 3d-aware image generation},
  author={Deng, Yu and Yang, Jiaolong and Xiang, Jianfeng and Tong, Xin},
  booktitle={Proceedings of the IEEE/CVF Conference on Computer Vision and Pattern Recognition},
  pages={10673--10683},
  year={2022}
}

@article{vqganclip,
  title={Vqgan-clip: Open domain image generation and editing with natural language guidance},
  author={Crowson, Katherine and Biderman, Stella and Kornis, Daniel and Stander, Dashiell and Hallahan, Eric and Castricato, Louis and Raff, Edward},
  journal={arXiv preprint arXiv:2204.08583},
  year={2022}
}

@misc{bigganclip, 
  title={BigGAN-CLIP: https://github.com/lucidrains/big-sleep}
} 

@article{nerf,
  title={Nerf: Representing scenes as neural radiance fields for view synthesis},
  author={Mildenhall, Ben and Srinivasan, Pratul P and Tancik, Matthew and Barron, Jonathan T and Ramamoorthi, Ravi and Ng, Ren},
  journal={Communications of the ACM},
  volume={65},
  number={1},
  pages={99--106},
  year={2021},
  publisher={ACM New York, NY, USA}
}

@article{ingp,
  title={Instant neural graphics primitives with a multiresolution hash encoding},
  author={M{\"u}ller, Thomas and Evans, Alex and Schied, Christoph and Keller, Alexander},
  journal={arXiv preprint arXiv:2201.05989},
  year={2022}
}

@article{distillnerf,
  title={Decomposing NeRF for Editing via Feature Field Distillation},
  author={Kobayashi, Sosuke and Matsumoto, Eiichi and Sitzmann, Vincent},
  journal={arXiv preprint arXiv:2205.15585},
  year={2022}
}

@article{ddpm,
  title={Denoising diffusion probabilistic models},
  author={Ho, Jonathan and Jain, Ajay and Abbeel, Pieter},
  journal={Advances in neural information processing systems},
  volume={33},
  pages={6840--6851},
  year={2020}
}

@article{edm,
  title={Elucidating the design space of diffusion-based generative models},
  author={Karras, Tero and Aittala, Miika and Aila, Timo and Laine, Samuli},
  journal={Advances in Neural Information Processing Systems},
  volume={35},
  pages={26565--26577},
  year={2022}
}

@article{edm2,
  title={Analyzing and improving the training dynamics of diffusion models},
  author={Karras, Tero and Aittala, Miika and Lehtinen, Jaakko and Hellsten, Janne and Aila, Timo and Laine, Samuli},
  journal={arXiv preprint arXiv:2312.02696},
  year={2023}
}

@article{sde,
  title={Score-based generative modeling through stochastic differential equations},
  author={Song, Yang and Sohl-Dickstein, Jascha and Kingma, Diederik P and Kumar, Abhishek and Ermon, Stefano and Poole, Ben},
  journal={arXiv preprint arXiv:2011.13456},
  year={2020}
}

@article{dcgan,
  title={Unsupervised representation learning with deep convolutional generative adversarial networks},
  author={Radford, Alec and Metz, Luke and Chintala, Soumith},
  journal={arXiv preprint arXiv:1511.06434},
  year={2015}
}

@article{trans,
  title={Attention is all you need},
  author={Vaswani, Ashish and Shazeer, Noam and Parmar, Niki and Uszkoreit, Jakob and Jones, Llion and Gomez, Aidan N and Kaiser, {\L}ukasz and Polosukhin, Illia},
  journal={Advances in neural information processing systems},
  volume={30},
  year={2017}
}

@inproceedings{resnet2,
  title={Identity mappings in deep residual networks},
  author={He, Kaiming and Zhang, Xiangyu and Ren, Shaoqing and Sun, Jian},
  booktitle={Computer Vision--ECCV 2016: 14th European Conference, Amsterdam, The Netherlands, October 11--14, 2016, Proceedings, Part IV 14},
  pages={630--645},
  year={2016},
  organization={Springer}
}

@inproceedings{unet,
  title={U-net: Convolutional networks for biomedical image segmentation},
  author={Ronneberger, Olaf and Fischer, Philipp and Brox, Thomas},
  booktitle={Medical image computing and computer-assisted intervention--MICCAI 2015: 18th international conference, Munich, Germany, October 5-9, 2015, proceedings, part III 18},
  pages={234--241},
  year={2015},
  organization={Springer}
}

@article{vit,
  title={An image is worth 16x16 words: Transformers for image recognition at scale},
  author={Dosovitskiy, Alexey and Beyer, Lucas and Kolesnikov, Alexander and Weissenborn, Dirk and Zhai, Xiaohua and Unterthiner, Thomas and Dehghani, Mostafa and Minderer, Matthias and Heigold, Georg and Gelly, Sylvain and others},
  journal={arXiv preprint arXiv:2010.11929},
  year={2020}
}

@article{pggan,
  title={Progressive growing of gans for improved quality, stability, and variation},
  author={Karras, Tero and Aila, Timo and Laine, Samuli and Lehtinen, Jaakko},
  journal={arXiv preprint arXiv:1710.10196},
  year={2017}
}

@article{rgan,
  title={The relativistic discriminator: a key element missing from standard GAN},
  author={Jolicoeur-Martineau, Alexia},
  journal={arXiv preprint arXiv:1807.00734},
  year={2018}
}

@article{rpgan,
  title={Towards a better global loss landscape of gans},
  author={Sun, Ruoyu and Fang, Tiantian and Schwing, Alexander},
  journal={Advances in Neural Information Processing Systems},
  volume={33},
  pages={10186--10198},
  year={2020}
}

@article{r1r2,
  title={Stabilizing training of generative adversarial networks through regularization},
  author={Roth, Kevin and Lucchi, Aurelien and Nowozin, Sebastian and Hofmann, Thomas},
  journal={Advances in neural information processing systems},
  volume={30},
  year={2017}
}

@inproceedings{gigagan,
  title={Scaling up gans for text-to-image synthesis},
  author={Kang, Minguk and Zhu, Jun-Yan and Zhang, Richard and Park, Jaesik and Shechtman, Eli and Paris, Sylvain and Park, Taesung},
  booktitle={Proceedings of the IEEE/CVF Conference on Computer Vision and Pattern Recognition},
  pages={10124--10134},
  year={2023}
}

@inproceedings{mobnet,
  title={Mobilenetv2: Inverted residuals and linear bottlenecks},
  author={Sandler, Mark and Howard, Andrew and Zhu, Menglong and Zhmoginov, Andrey and Chen, Liang-Chieh},
  booktitle={Proceedings of the IEEE conference on computer vision and pattern recognition},
  pages={4510--4520},
  year={2018}
}

@inproceedings{esrgan,
  title={Esrgan: Enhanced super-resolution generative adversarial networks},
  author={Wang, Xintao and Yu, Ke and Wu, Shixiang and Gu, Jinjin and Liu, Yihao and Dong, Chao and Qiao, Yu and Change Loy, Chen},
  booktitle={Proceedings of the European conference on computer vision (ECCV) workshops},
  pages={0--0},
  year={2018}
}

@inproceedings{nfnet,
  title={High-performance large-scale image recognition without normalization},
  author={Brock, Andy and De, Soham and Smith, Samuel L and Simonyan, Karen},
  booktitle={International Conference on Machine Learning},
  pages={1059--1071},
  year={2021},
  organization={PMLR}
}

@inproceedings{sg-t,
  title={Stylegan-t: Unlocking the power of gans for fast large-scale text-to-image synthesis},
  author={Sauer, Axel and Karras, Tero and Laine, Samuli and Geiger, Andreas and Aila, Timo},
  booktitle={International conference on machine learning},
  pages={30105--30118},
  year={2023},
  organization={PMLR}
}

@inproceedings{resnext,
  title={Aggregated residual transformations for deep neural networks},
  author={Xie, Saining and Girshick, Ross and Doll{\'a}r, Piotr and Tu, Zhuowen and He, Kaiming},
  booktitle={Proceedings of the IEEE conference on computer vision and pattern recognition},
  pages={1492--1500},
  year={2017}
}

@inproceedings{blurpool,
  title={Making convolutional networks shift-invariant again},
  author={Zhang, Richard},
  booktitle={International conference on machine learning},
  pages={7324--7334},
  year={2019},
  organization={PMLR}
}

@article{hingegan,
  title={Geometric gan},
  author={Lim, Jae Hyun and Ye, Jong Chul},
  journal={arXiv preprint arXiv:1705.02894},
  year={2017}
}

@inproceedings{lsgan,
  title={Least squares generative adversarial networks},
  author={Mao, Xudong and Li, Qing and Xie, Haoran and Lau, Raymond YK and Wang, Zhen and Paul Smolley, Stephen},
  booktitle={Proceedings of the IEEE international conference on computer vision},
  pages={2794--2802},
  year={2017}
}

@article{instancenoise,
  title={Amortised map inference for image super-resolution},
  author={S{\o}nderby, Casper Kaae and Caballero, Jose and Theis, Lucas and Shi, Wenzhe and Husz{\'a}r, Ferenc},
  journal={arXiv preprint arXiv:1610.04490},
  year={2016}
}

@article{vitgan,
  title={Vitgan: Training gans with vision transformers},
  author={Lee, Kwonjoon and Chang, Huiwen and Jiang, Lu and Zhang, Han and Tu, Zhuowen and Liu, Ce},
  journal={arXiv preprint arXiv:2107.04589},
  year={2021}
}

@inproceedings{bn,
  title={Batch normalization: Accelerating deep network training by reducing internal covariate shift},
  author={Ioffe, Sergey and Szegedy, Christian},
  booktitle={International conference on machine learning},
  pages={448--456},
  year={2015},
  organization={pmlr}
}

@article{ln,
  title={Layer normalization},
  author={Ba, Jimmy Lei and Kiros, Jamie Ryan and Hinton, Geoffrey E},
  journal={arXiv preprint arXiv:1607.06450},
  year={2016}
}

@inproceedings{gn,
  title={Group normalization},
  author={Wu, Yuxin and He, Kaiming},
  booktitle={Proceedings of the European conference on computer vision (ECCV)},
  pages={3--19},
  year={2018}
}

@article{in,
  title={Instance normalization: The missing ingredient for fast stylization},
  author={Ulyanov, Dmitry and Vedaldi, Andrea and Lempitsky, Victor},
  journal={arXiv preprint arXiv:1607.08022},
  year={2016}
}

@article{ganmmc,
  title={Gradient penalty from a maximum margin perspective},
  author={Jolicoeur-Martineau, Alexia and Mitliagkas, Ioannis},
  journal={arXiv preprint arXiv:1910.06922},
  year={2019}
}

@article{pacgan,
  title={Pacgan: The power of two samples in generative adversarial networks},
  author={Lin, Zinan and Khetan, Ashish and Fanti, Giulia and Oh, Sewoong},
  journal={Advances in neural information processing systems},
  volume={31},
  year={2018}
}

@article{nagarajan2017gradient,
  title={Gradient descent GAN optimization is locally stable},
  author={Nagarajan, Vaishnavh and Kolter, J Zico},
  journal={Advances in neural information processing systems},
  volume={30},
  year={2017}
}

@inproceedings{xception,
  title={Xception: Deep learning with depthwise separable convolutions},
  author={Chollet, Fran{\c{c}}ois},
  booktitle={Proceedings of the IEEE conference on computer vision and pattern recognition},
  pages={1251--1258},
  year={2017}
}

@article{lsgm,
  title={Score-based generative modeling in latent space},
  author={Vahdat, Arash and Kreis, Karsten and Kautz, Jan},
  journal={Advances in neural information processing systems},
  volume={34},
  pages={11287--11302},
  year={2021}
}
@article{wgan-gp,
  title={Improved training of wasserstein gans},
  author={Gulrajani, Ishaan and Ahmed, Faruk and Arjovsky, Martin and Dumoulin, Vincent and Courville, Aaron C},
  journal={Advances in neural information processing systems},
  volume={30},
  year={2017}
}
@inproceedings{specbias,
  title={On the spectral bias of neural networks},
  author={Rahaman, Nasim and Baratin, Aristide and Arpit, Devansh and Draxler, Felix and Lin, Min and Hamprecht, Fred and Bengio, Yoshua and Courville, Aaron},
  booktitle={International Conference on Machine Learning},
  pages={5301--5310},
  year={2019},
  organization={PMLR}
}

@inproceedings{fieldoverview,
  title={Neural fields in visual computing and beyond},
  author={Xie, Yiheng and Takikawa, Towaki and Saito, Shunsuke and Litany, Or and Yan, Shiqin and Khan, Numair and Tombari, Federico and Tompkin, James and Sitzmann, Vincent and Sridhar, Srinath},
  booktitle={Computer Graphics Forum},
  volume={41},
  number={2},
  pages={641--676},
  year={2022},
  organization={Wiley Online Library}
}

@inproceedings{voxelfeat,
  title={Implicit functions in feature space for 3d shape reconstruction and completion},
  author={Chibane, Julian and Alldieck, Thiemo and Pons-Moll, Gerard},
  booktitle={Proceedings of the IEEE/CVF Conference on Computer Vision and Pattern Recognition},
  pages={6970--6981},
  year={2020}
}

@article{sg3,
  title={Alias-free generative adversarial networks},
  author={Karras, Tero and Aittala, Miika and Laine, Samuli and H{\"a}rk{\"o}nen, Erik and Hellsten, Janne and Lehtinen, Jaakko and Aila, Timo},
  journal={Advances in Neural Information Processing Systems},
  volume={34},
  pages={852--863},
  year={2021}
}

@article{fid,
  title={Gans trained by a two time-scale update rule converge to a local nash equilibrium},
  author={Heusel, Martin and Ramsauer, Hubert and Unterthiner, Thomas and Nessler, Bernhard and Hochreiter, Sepp},
  journal={Advances in neural information processing systems},
  volume={30},
  year={2017}
}

@inproceedings{clipnerf,
  title={Clip-nerf: Text-and-image driven manipulation of neural radiance fields},
  author={Wang, Can and Chai, Menglei and He, Mingming and Chen, Dongdong and Liao, Jing},
  booktitle={Proceedings of the IEEE/CVF Conference on Computer Vision and Pattern Recognition},
  pages={3835--3844},
  year={2022}
}

@inproceedings{dalle,
  title={Zero-shot text-to-image generation},
  author={Ramesh, Aditya and Pavlov, Mikhail and Goh, Gabriel and Gray, Scott and Voss, Chelsea and Radford, Alec and Chen, Mark and Sutskever, Ilya},
  booktitle={International Conference on Machine Learning},
  pages={8821--8831},
  year={2021},
  organization={PMLR}
}

@article{vqvae,
  title={Neural discrete representation learning},
  author={Van Den Oord, Aaron and Vinyals, Oriol and others},
  journal={Advances in neural information processing systems},
  volume={30},
  year={2017}
}

@inproceedings{rombach2022high,
  title={High-resolution image synthesis with latent diffusion models},
  author={Rombach, Robin and Blattmann, Andreas and Lorenz, Dominik and Esser, Patrick and Ommer, Bj{\"o}rn},
  booktitle={Proceedings of the IEEE/CVF conference on computer vision and pattern recognition},
  pages={10684--10695},
  year={2022}
}

@article{compdiff,
  title={Compensation Sampling for Improved Convergence in Diffusion Models},
  author={Lu, Hui and Poppe, Ronald and others},
  journal={arXiv preprint arXiv:2312.06285},
  year={2023}
}

@article{precrecall,
  title={Improved precision and recall metric for assessing generative models},
  author={Kynk{\"a}{\"a}nniemi, Tuomas and Karras, Tero and Laine, Samuli and Lehtinen, Jaakko and Aila, Timo},
  journal={Advances in neural information processing systems},
  volume={32},
  year={2019}
}

@inproceedings{alexnet,
 author = {Krizhevsky, Alex and Sutskever, Ilya and Hinton, Geoffrey E},
 booktitle = {Advances in Neural Information Processing Systems},
 editor = {F. Pereira and C.J. Burges and L. Bottou and K.Q. Weinberger},
 pages = {},
 publisher = {Curran Associates, Inc.},
 title = {ImageNet Classification with Deep Convolutional Neural Networks},
 url = {https://proceedings.neurips.cc/paper_files/paper/2012/file/c399862d3b9d6b76c8436e924a68c45b-Paper.pdf},
 volume = {25},
 year = {2012}
}


@InProceedings{diffae,
    author    = {Preechakul, Konpat and Chatthee, Nattanat and Wizadwongsa, Suttisak and Suwajanakorn, Supasorn},
    title     = {Diffusion Autoencoders: Toward a Meaningful and Decodable Representation},
    booktitle = {Proceedings of the IEEE/CVF Conference on Computer Vision and Pattern Recognition (CVPR)},
    month     = {June},
    year      = {2022},
    pages     = {10619-10629}
}

@inproceedings{vqgan,
  title={Taming transformers for high-resolution image synthesis},
  author={Esser, Patrick and Rombach, Robin and Ommer, Bjorn},
  booktitle={Proceedings of the IEEE/CVF conference on computer vision and pattern recognition},
  pages={12873--12883},
  year={2021}
}

@inproceedings{dmgan,
  title={Dm-gan: Dynamic memory generative adversarial networks for text-to-image synthesis},
  author={Zhu, Minfeng and Pan, Pingbo and Chen, Wei and Yang, Yi},
  booktitle={Proceedings of the IEEE/CVF conference on computer vision and pattern recognition},
  pages={5802--5810},
  year={2019}
}

@inproceedings{attngan,
  title={Attngan: Fine-grained text to image generation with attentional generative adversarial networks},
  author={Xu, Tao and Zhang, Pengchuan and Huang, Qiuyuan and Zhang, Han and Gan, Zhe and Huang, Xiaolei and He, Xiaodong},
  booktitle={Proceedings of the IEEE conference on computer vision and pattern recognition},
  pages={1316--1324},
  year={2018}
}

@inproceedings{xmcgan,
  title={Cross-modal contrastive learning for text-to-image generation},
  author={Zhang, Han and Koh, Jing Yu and Baldridge, Jason and Lee, Honglak and Yang, Yinfei},
  booktitle={Proceedings of the IEEE/CVF conference on computer vision and pattern recognition},
  pages={833--842},
  year={2021}
}

@inproceedings{cpgan,
  title={Cpgan: Content-parsing generative adversarial networks for text-to-image synthesis},
  author={Liang, Jiadong and Pei, Wenjie and Lu, Feng},
  booktitle={European Conference on Computer Vision},
  pages={491--508},
  year={2020},
  organization={Springer}
}

@article{imagen,
  title={Photorealistic Text-to-Image Diffusion Models with Deep Language Understanding},
  author={Saharia, Chitwan and Chan, William and Saxena, Saurabh and Li, Lala and Whang, Jay and Denton, Emily and Ghasemipour, Seyed Kamyar Seyed and Ayan, Burcu Karagol and Mahdavi, S Sara and Lopes, Rapha Gontijo and others},
  journal={arXiv preprint arXiv:2205.11487},
  year={2022}
}

@article{parti,
  title={Scaling autoregressive models for content-rich text-to-image generation},
  author={Yu, Jiahui and Xu, Yuanzhong and Koh, Jing Yu and Luong, Thang and Baid, Gunjan and Wang, Zirui and Vasudevan, Vijay and Ku, Alexander and Yang, Yinfei and Ayan, Burcu Karagol and others},
  journal={arXiv preprint arXiv:2206.10789},
  year={2022}
}

@inproceedings{d3d,
    title={Accurate 3D Face Reconstruction with Weakly-Supervised Learning: From Single Image to Image Set},
    author={Yu Deng and Jiaolong Yang and Sicheng Xu and Dong Chen and Yunde Jia and Xin Tong},
    booktitle={IEEE Computer Vision and Pattern Recognition Workshops},
    year={2019}
}

@inproceedings{3fg,
  title={3d-fm gan: Towards 3d-controllable face manipulation},
  author={Liu, Yuchen and Shu, Zhixin and Li, Yijun and Lin, Zhe and Zhang, Richard and Kung, SY},
  booktitle={European Conference on Computer Vision},
  pages={107--125},
  year={2022},
  organization={Springer}
}

@article{stylerig,
  author    = {Ayush Tewari and
               Mohamed Elgharib and
               Gaurav Bharaj and
               Florian Bernard and
               Hans{-}Peter Seidel and
               Patrick P{\'{e}}rez and
               Michael Zollh{\"{o}}fer and
               Christian Theobalt},
  title     = {StyleRig: Rigging StyleGAN for 3D Control over Portrait Images},
  journal   = {CoRR},
  volume    = {abs/2004.00121},
  year      = {2020},
  url       = {https://arxiv.org/abs/2004.00121},
  eprinttype = {arXiv},
  eprint    = {2004.00121},
  timestamp = {Wed, 08 Apr 2020 17:08:25 +0200},
  biburl    = {https://dblp.org/rec/journals/corr/abs-2004-00121.bib},
  bibsource = {dblp computer science bibliography, https://dblp.org}
}


@misc{uvgan,
  doi = {10.48550/ARXIV.1712.04695},  
  url = {https://arxiv.org/abs/1712.04695},  
  author = {Deng, Jiankang and Cheng, Shiyang and Xue, Niannan and Zhou, Yuxiang and Zafeiriou, Stefanos},  
  keywords = {Computer Vision and Pattern Recognition (cs.CV), FOS: Computer and information sciences, FOS: Computer and information sciences},  
  title = {UV-GAN: Adversarial Facial UV Map Completion for Pose-invariant Face Recognition},  
  publisher = {arXiv},  
  year = {2017},  
  copyright = {arXiv.org perpetual, non-exclusive license}
}


@incollection{Gecer_2018,
	doi = {10.1007/978-3-030-01252-6_14},  
	url = {https://doi.org/10.1007%2F978-3-030-01252-6_14},  
	year = 2018,
	publisher = {Springer International Publishing},  
	pages = {230--248},  
	author = {Baris Gecer and Binod Bhattarai and Josef Kittler and Tae-Kyun Kim},  
	title = {Semi-supervised Adversarial Learning to Generate Photorealistic Face Images of New Identities from 3D Morphable Model},  
	booktitle = {Computer Vision {\textendash} {ECCV} 2018}
}
}

@misc{pie,
  doi = {10.48550/ARXIV.2009.09485},  
  url = {https://arxiv.org/abs/2009.09485},  
  author = {Tewari, Ayush and Elgharib, Mohamed and R., Mallikarjun B and Bernard, Florian and Seidel, Hans-Peter and Pérez, Patrick and Zollhöfer, Michael and Theobalt, Christian},  
  keywords = {Computer Vision and Pattern Recognition (cs.CV), Graphics (cs.GR), FOS: Computer and information sciences, FOS: Computer and information sciences},  
  title = {PIE: Portrait Image Embedding for Semantic Control},  
  publisher = {arXiv},  
  year = {2020},  
  copyright = {arXiv.org perpetual, non-exclusive license}
}
@misc{dfg,
  doi = {10.48550/ARXIV.2004.11660},  
  url = {https://arxiv.org/abs/2004.11660},  
  author = {Deng, Yu and Yang, Jiaolong and Chen, Dong and Wen, Fang and Tong, Xin},  
  keywords = {Computer Vision and Pattern Recognition (cs.CV), FOS: Computer and information sciences, FOS: Computer and information sciences},  
  title = {Disentangled and Controllable Face Image Generation via 3D Imitative-Contrastive Learning},  
  publisher = {arXiv},  
  year = {2020},  
  copyright = {arXiv.org perpetual, non-exclusive license}
}

@misc{cgof,
  doi = {10.48550/ARXIV.2206.08361},  
  url = {https://arxiv.org/abs/2206.08361},  
  author = {Sun, Keqiang and Wu, Shangzhe and Huang, Zhaoyang and Zhang, Ning and Wang, Quan and Li, HongSheng},  
  keywords = {Computer Vision and Pattern Recognition (cs.CV), FOS: Computer and information sciences, FOS: Computer and information sciences},  
  title = {Controllable 3D Face Synthesis with Conditional Generative Occupancy Fields},  
  publisher = {arXiv},  
  year = {2022},  
  copyright = {arXiv.org perpetual, non-exclusive license}
}

@article{infogan,
  author    = {Xi Chen and
               Yan Duan and
               Rein Houthooft and
               John Schulman and
               Ilya Sutskever and
               Pieter Abbeel},
  title     = {InfoGAN: Interpretable Representation Learning by Information Maximizing
               Generative Adversarial Nets},
  journal   = {CoRR},
  volume    = {abs/1606.03657},
  year      = {2016},
  url       = {http://arxiv.org/abs/1606.03657},
  eprinttype = {arXiv},
  eprint    = {1606.03657},
  timestamp = {Mon, 03 Sep 2018 12:15:29 +0200},
  biburl    = {https://dblp.org/rec/journals/corr/ChenDHSSA16.bib},
  bibsource = {dblp computer science bibliography, https://dblp.org}
}

@inproceedings{peebles2020hessian,
  title={The Hessian Penalty: A Weak Prior for Unsupervised Disentanglement},
  author={Peebles, William and Peebles, John and Zhu, Jun-Yan and Efros, Alexei A. and Torralba, Antonio},
  booktitle={Proceedings of European Conference on Computer Vision (ECCV)},
  year={2020}
}

@InProceedings{Shen_2021_CVPR,
    author    = {Shen, Yujun and Zhou, Bolei},
    title     = {Closed-Form Factorization of Latent Semantics in GANs},
    booktitle = {Proceedings of the IEEE/CVF Conference on Computer Vision and Pattern Recognition (CVPR)},
    month     = {June},
    year      = {2021},
    pages     = {1532-1540}
}

@InProceedings{stylespace,
    author    = {Wu, Zongze and Lischinski, Dani and Shechtman, Eli},
    title     = {StyleSpace Analysis: Disentangled Controls for StyleGAN Image Generation},
    booktitle = {Proceedings of the IEEE/CVF Conference on Computer Vision and Pattern Recognition (CVPR)},
    month     = {June},
    year      = {2021},
    pages     = {12863-12872}
}

@article{interfacegan,
  title={Interfacegan: Interpreting the disentangled face representation learned by gans},
  author={Shen, Yujun and Yang, Ceyuan and Tang, Xiaoou and Zhou, Bolei},
  journal={IEEE transactions on pattern analysis and machine intelligence},
  volume={44},
  number={4},
  pages={2004--2018},
  year={2020},
  publisher={IEEE}
}

@inproceedings{
stylemorph,
title={StyleMorph: Disentangled 3D-Aware Image Synthesis with a 3D Morphable Style{GAN}},
author={Eric-Tuan Le and Edward Bartrum and Iasonas Kokkinos},
booktitle={The Eleventh International Conference on Learning Representations },
year={2023},
url={https://openreview.net/forum?id=Ojpb1y8jflw}
}

@article{bengio2013representation,
  title={Representation learning: A review and new perspectives},
  author={Bengio, Yoshua and Courville, Aaron and Vincent, Pascal},
  journal={IEEE transactions on pattern analysis and machine intelligence},
  volume={35},
  number={8},
  pages={1798--1828},
  year={2013},
  publisher={IEEE}
}

@misc{pg-infogan, 
  title={Progressive training of GANs with mutual information penalty.},
  author={Pamuła, Jonasz},
  url={https://github.com/jonasz/progressive_infogan}
}

@article{sun2022controllable,
  title={Controllable 3d face synthesis with conditional generative occupancy fields},
  author={Sun, Keqiang and Wu, Shangzhe and Huang, Zhaoyang and Zhang, Ning and Wang, Quan and Li, HongSheng},
  journal={arXiv preprint arXiv:2206.08361},
  year={2022}
}

@inproceedings{anycostgan,
  title={Anycost gans for interactive image synthesis and editing},
  author={Lin, Ji and Zhang, Richard and Ganz, Frieder and Han, Song and Zhu, Jun-Yan},
  booktitle={Proceedings of the IEEE/CVF Conference on Computer Vision and Pattern Recognition},
  pages={14986--14996},
  year={2021}
}

@inproceedings{dmd,
  title={One-step diffusion with distribution matching distillation},
  author={Yin, Tianwei and Gharbi, Micha{\"e}l and Zhang, Richard and Shechtman, Eli and Durand, Fredo and Freeman, William T and Park, Taesung},
  booktitle={Proceedings of the IEEE/CVF Conference on Computer Vision and Pattern Recognition},
  pages={6613--6623},
  year={2024}
}

@article{studio,
  title={StudioGAN: a taxonomy and benchmark of GANs for image synthesis},
  author={Kang, Minguk and Shin, Joonghyuk and Park, Jaesik},
  journal={IEEE Transactions on Pattern Analysis and Machine Intelligence},
  year={2023},
  publisher={IEEE}
}

@inproceedings{diffusiongan,
  title={Diffusion-GAN: Training GANs with Diffusion},
  author={Wang, Zhendong and Zheng, Huangjie and He, Pengcheng and Chen, Weizhu and Zhou, Mingyuan},
  booktitle={The Eleventh International Conference on Learning Representations},
  year={2023}
}

@inproceedings{icm,
  title={Improved Techniques for Training Consistency Models},
  author={Song, Yang and Dhariwal, Prafulla},
  booktitle={The Twelfth International Conference on Learning Representations},
  year={2024}
}

@inproceedings{cm,
  title={Consistency Models},
  author={Song, Yang and Dhariwal, Prafulla and Chen, Mark and Sutskever, Ilya},
  booktitle={International Conference on Machine Learning},
  pages={32211--32252},
  year={2023},
  organization={PMLR}
}

@inproceedings{ddim,
  title={Denoising Diffusion Implicit Models},
  author={Song, Jiaming and Meng, Chenlin and Ermon, Stefano},
  booktitle={International Conference on Learning Representations},
  year={2021},
}

@inproceedings{sg1,
  title={A style-based generator architecture for generative adversarial networks},
  author={Karras, Tero and Laine, Samuli and Aila, Timo},
  booktitle={Proceedings of the IEEE/CVF conference on computer vision and pattern recognition},
  pages={4401--4410},
  year={2019}
}

@article{mtcnn,
  author    = {Kaipeng Zhang and
               Zhanpeng Zhang and
               Zhifeng Li and
               Yu Qiao},
  title     = {Joint Face Detection and Alignment using Multi-task Cascaded Convolutional
               Networks},
  journal   = {CoRR},
  volume    = {abs/1604.02878},
  year      = {2016},
  url       = {http://arxiv.org/abs/1604.02878},
  eprinttype = {arXiv},
  eprint    = {1604.02878},
  timestamp = {Thu, 09 Sep 2021 01:19:36 +0200},
  biburl    = {https://dblp.org/rec/journals/corr/ZhangZL016.bib},
  bibsource = {dblp computer science bibliography, https://dblp.org}
}

@inproceedings{
r1gradexp,
title={Improving Generalization and Stability of Generative Adversarial Networks},
author={Hoang Thanh-Tung and Truyen Tran and Svetha Venkatesh},
booktitle={International Conference on Learning Representations},
year={2019},
url={https://openreview.net/forum?id=ByxPYjC5KQ},
}

@inproceedings{r1gradexpcvpr,
  title={Alleviation of gradient exploding in gans: Fake can be real},
  author={Tao, Song and Wang, Jia},
  booktitle={Proceedings of the IEEE/CVF conference on computer vision and pattern recognition},
  pages={1191--1200},
  year={2020}
}

@inproceedings{
diggan,
title={Dig{GAN}: Discriminator gradIent Gap Regularization for {GAN} Training with Limited Data},
author={Tiantian Fang and Ruoyu Sun and Alex Schwing},
booktitle={Advances in Neural Information Processing Systems},
editor={Alice H. Oh and Alekh Agarwal and Danielle Belgrave and Kyunghyun Cho},
year={2022},
url={https://openreview.net/forum?id=azBVn74t_2}
}

@inproceedings{pim,
  title={Towards pose invariant face recognition in the wild},
  author={Zhao, Jian and Cheng, Yu and Xu, Yan and Xiong, Lin and Li, Jianshu and Zhao, Fang and Jayashree, Karlekar and Pranata, Sugiri and Shen, Shengmei and Xing, Junliang and others},
  booktitle={Proceedings of the IEEE conference on computer vision and pattern recognition},
  pages={2207--2216},
  year={2018}
}

@inproceedings{tpgan,
  title={Beyond face rotation: Global and local perception gan for photorealistic and identity preserving frontal view synthesis},
  author={Huang, Rui and Zhang, Shu and Li, Tianyu and He, Ran},
  booktitle={Proceedings of the IEEE international conference on computer vision},
  pages={2439--2448},
  year={2017}
}

@inproceedings{drgan,
  title={Disentangled representation learning gan for pose-invariant face recognition},
  author={Tran, Luan and Yin, Xi and Liu, Xiaoming},
  booktitle={Proceedings of the IEEE conference on computer vision and pattern recognition},
  pages={1415--1424},
  year={2017}
}

@inproceedings{hassner,
  title={Effective face frontalization in unconstrained images},
  author={Hassner, Tal and Harel, Shai and Paz, Eran and Enbar, Roee},
  booktitle={Proceedings of the IEEE conference on computer vision and pattern recognition},
  pages={4295--4304},
  year={2015}
}

@inproceedings{qian,
  title={Unsupervised face normalization with extreme pose and expression in the wild},
  author={Qian, Yichen and Deng, Weihong and Hu, Jiani},
  booktitle={Proceedings of the IEEE/CVF Conference on Computer Vision and Pattern Recognition},
  pages={9851--9858},
  year={2019}
}

@article{kynkaanniemi2019improved,
  title={Improved precision and recall metric for assessing generative models},
  author={Kynk{\"a}{\"a}nniemi, Tuomas and Karras, Tero and Laine, Samuli and Lehtinen, Jaakko and Aila, Timo},
  journal={Advances in Neural Information Processing Systems},
  volume={32},
  year={2019}
}

@article{sajjadi2018assessing,
  title={Assessing generative models via precision and recall},
  author={Sajjadi, Mehdi SM and Bachem, Olivier and Lucic, Mario and Bousquet, Olivier and Gelly, Sylvain},
  journal={Advances in neural information processing systems},
  volume={31},
  year={2018}
}

@inproceedings{dci,
  title={A framework for the quantitative evaluation of disentangled representations},
  author={Eastwood, Cian and Williams, Christopher KI},
  booktitle={International Conference on Learning Representations},
  year={2018}
}

@inproceedings{lfw,
  title={Labeled faces in the wild: A database forstudying face recognition in unconstrained environments},
  author={Huang, Gary B and Mattar, Marwan and Berg, Tamara and Learned-Miller, Eric},
  booktitle={Workshop on faces in'Real-Life'Images: detection, alignment, and recognition},
  year={2008}
}

@inproceedings{infogan-cr,
  title={Infogan-cr and modelcentrality: Self-supervised model training and selection for disentangling gans},
  author={Lin, Zinan and Thekumparampil, Kiran and Fanti, Giulia and Oh, Sewoong},
  booktitle={international conference on machine learning},
  pages={6127--6139},
  year={2020},
  organization={PMLR}
}

@article{guo2018cnn,
  title={Cnn-based real-time dense face reconstruction with inverse-rendered photo-realistic face images},
  author={Guo, Yudong and Cai, Jianfei and Jiang, Boyi and Zheng, Jianmin and others},
  journal={IEEE transactions on pattern analysis and machine intelligence},
  volume={41},
  number={6},
  pages={1294--1307},
  year={2018},
  publisher={IEEE}
}

@inproceedings{paysan20093d,
  title={A 3D face model for pose and illumination invariant face recognition},
  author={Paysan, Pascal and Knothe, Reinhard and Amberg, Brian and Romdhani, Sami and Vetter, Thomas},
  booktitle={2009 sixth IEEE international conference on advanced video and signal based surveillance},
  pages={296--301},
  year={2009},
  organization={Ieee}
}

@article{fadernetworks,
  author    = {Guillaume Lample and
               Neil Zeghidour and
               Nicolas Usunier and
               Antoine Bordes and
               Ludovic Denoyer and
               Marc'Aurelio Ranzato},
  title     = {Fader Networks: Manipulating Images by Sliding Attributes},
  journal   = {CoRR},
  volume    = {abs/1706.00409},
  year      = {2017},
  url       = {http://arxiv.org/abs/1706.00409},
  eprinttype = {arXiv},
  eprint    = {1706.00409},
  timestamp = {Mon, 13 Aug 2018 16:46:31 +0200},
  biburl    = {https://dblp.org/rec/journals/corr/LampleZUBDR17.bib},
  bibsource = {dblp computer science bibliography, https://dblp.org}
}

@article{vgg,
  title={Very deep convolutional networks for large-scale image recognition},
  author={Simonyan, Karen and Zisserman, Andrew},
  journal={arXiv preprint arXiv:1409.1556},
  year={2014}
}

@inproceedings{ganmomentum,
  title={Negative momentum for improved game dynamics},
  author={Gidel, Gauthier and Hemmat, Reyhane Askari and Pezeshki, Mohammad and Le Priol, R{\'e}mi and Huang, Gabriel and Lacoste-Julien, Simon and Mitliagkas, Ioannis},
  booktitle={The 22nd International Conference on Artificial Intelligence and Statistics},
  pages={1802--1811},
  year={2019},
  organization={PMLR}
}

@article{kynkaanniemi2022role,
  title={The role of imagenet classes in fr{\'e}chet inception distance},
  author={Kynk{\"a}{\"a}nniemi, Tuomas and Karras, Tero and Aittala, Miika and Aila, Timo and Lehtinen, Jaakko},
  journal={arXiv preprint arXiv:2203.06026},
  year={2022}
}

@article{srivastava2017veegan,
  title={Veegan: Reducing mode collapse in gans using implicit variational learning},
  author={Srivastava, Akash and Valkov, Lazar and Russell, Chris and Gutmann, Michael U and Sutton, Charles},
  journal={Advances in neural information processing systems},
  volume={30},
  year={2017}
}

@article{nowozin2016f,
  title={f-gan: Training generative neural samplers using variational divergence minimization},
  author={Nowozin, Sebastian and Cseke, Botond and Tomioka, Ryota},
  journal={Advances in neural information processing systems},
  volume={29},
  year={2016}
}

@article{krizhevsky2009learning,
  title={Learning multiple layers of features from tiny images},
  author={Krizhevsky, Alex and Hinton, Geoffrey and others},
  journal={Thesis},
  year={2009},
  publisher={Toronto, ON, Canada}
}

@article{chrabaszcz2017downsampled,
  title={A downsampled variant of imagenet as an alternative to the cifar datasets},
  author={Chrabaszcz, Patryk and Loshchilov, Ilya and Hutter, Frank},
  journal={arXiv preprint arXiv:1707.08819},
  year={2017}
}

@inproceedings{zhao2021improved,
  title={Improved consistency regularization for gans},
  author={Zhao, Zhengli and Singh, Sameer and Lee, Honglak and Zhang, Zizhao and Odena, Augustus and Zhang, Han},
  booktitle={Proceedings of the AAAI conference on artificial intelligence},
  volume={35},
  pages={11033--11041},
  year={2021}
}
  


@inproceedings{zhang2022styleswin,
  title={Styleswin: Transformer-based gan for high-resolution image generation},
  author={Zhang, Bowen and Gu, Shuyang and Zhang, Bo and Bao, Jianmin and Chen, Dong and Wen, Fang and Wang, Yong and Guo, Baining},
  booktitle={Proceedings of the IEEE/CVF conference on computer vision and pattern recognition},
  pages={11304--11314},
  year={2022}
}

@inproceedings{metz2016unrolled,
  title={Unrolled Generative Adversarial Networks},
  author={Metz, Luke and Poole, Ben and Pfau, David and Sohl-Dickstein, Jascha},
  booktitle={International Conference on Learning Representations},
  year={2016}
}

@article{kingma2021variational,
  title={Variational diffusion models},
  author={Kingma, Diederik and Salimans, Tim and Poole, Ben and Ho, Jonathan},
  journal={Advances in neural information processing systems},
  volume={34},
  pages={21696--21707},
  year={2021}
}

@inproceedings{karnewar2020msg,
  title={Msg-gan: Multi-scale gradients for generative adversarial networks},
  author={Karnewar, Animesh and Wang, Oliver},
  booktitle={Proceedings of the IEEE/CVF conference on computer vision and pattern recognition},
  pages={7799--7808},
  year={2020}
}

@inproceedings{parmar2018image,
  title={Image transformer},
  author={Parmar, Niki and Vaswani, Ashish and Uszkoreit, Jakob and Kaiser, Lukasz and Shazeer, Noam and Ku, Alexander and Tran, Dustin},
  booktitle={International conference on machine learning},
  pages={4055--4064},
  year={2018},
  organization={PMLR}
}

@article{kim2021soft,
  title={Soft truncation: A universal training technique of score-based diffusion model for high precision score estimation},
  author={Kim, Dongjun and Shin, Seungjae and Song, Kyungwoo and Kang, Wanmo and Moon, Il-Chul},
  journal={arXiv preprint arXiv:2106.05527},
  year={2021}
}

@article{ning2023input,
  title={Input perturbation reduces exposure bias in diffusion models},
  author={Ning, Mang and Sangineto, Enver and Porrello, Angelo and Calderara, Simone and Cucchiara, Rita},
  journal={arXiv preprint arXiv:2301.11706},
  year={2023}
}

@inproceedings{singh2023polynomial,
  title={Polynomial implicit neural representations for large diverse datasets},
  author={Singh, Rajhans and Shukla, Ankita and Turaga, Pavan},
  booktitle={Proceedings of the IEEE/CVF Conference on Computer Vision and Pattern Recognition},
  pages={2041--2051},
  year={2023}
}

@inproceedings{takida2024san,
    title={{SAN}: Inducing Metrizability of {GAN} with Discriminative Normalized Linear Layer},
    author={Takida, Yuhta and Imaizumi, Masaaki and Shibuya, Takashi and Lai, Chieh-Hsin and Uesaka, Toshimitsu and Murata, Naoki and Mitsufuji, Yuki},
    booktitle={The Twelfth International Conference on Learning Representations},
    year={2024},
    url={https://openreview.net/forum?id=eiF7TU1E8E}
}

@article{sauer2021projected,
  title={Projected gans converge faster},
  author={Sauer, Axel and Chitta, Kashyap and M{\"u}ller, Jens and Geiger, Andreas},
  journal={Advances in Neural Information Processing Systems},
  volume={34},
  pages={17480--17492},
  year={2021}
}

@inproceedings{gokaslan2024commoncanvas,
  title={CommonCanvas: Open Diffusion Models Trained on Creative-Commons Images},
  author={Gokaslan, Aaron and Cooper, A Feder and Collins, Jasmine and Seguin, Landan and Jacobson, Austin and Patel, Mihir and Frankle, Jonathan and Stephenson, Cory and Kuleshov, Volodymyr},
  booktitle={Proceedings of the IEEE/CVF Conference on Computer Vision and Pattern Recognition},
  pages={8250--8260},
  year={2024}
}
@inproceedings{wang2023infodiffusion,
  title={Infodiffusion: Representation learning using information maximizing diffusion models},
  author={Wang, Yingheng and Schiff, Yair and Gokaslan, Aaron and Pan, Weishen and Wang, Fei and De Sa, Christopher and Kuleshov, Volodymyr},
  booktitle={International Conference on Machine Learning},
  pages={36336--36354},
  year={2023},
  organization={PMLR}
}
@article{sahoo2023diffusion,
  title={Diffusion models with learned adaptive noise},
  author={Sahoo, Subham Sekhar and Gokaslan, Aaron and De Sa, Chris and Kuleshov, Volodymyr},
  journal={arXiv preprint arXiv:2312.13236},
  year={2023}
}