@string{uai = "Uncertainty in Artificial Intelligence (UAI)"}
@string{esa = "ESA"}
@string{icml = "International Conference on Machine Learning (ICML)"}
@string{soda = "SIAM-ACM Symposium on Discrete Algorithms (SODA)"}
@string{focs = "IEEE Symposium on Foundations of Computer Science (FOCS)"}
@string{colt = "Conference on Learning Theory (COLT)"}
@string{stoc = "Symposium on Theory of Computing (STOC)"}
@string{neurips = "Advances in Neural Information Processing Systems (NeurIPS)"}
@string{eccv = "Europ. Conference on Computer Vision (ECCV)"}
@string{iccv = "International Conference on Computer Vision (ICCV)"}
@string{cvpr = "IEEE Conference on Computer Vision and Pattern Recognition (CVPR)"}
@string{ijcv = "International Journal of Computer Vision (IJCV)"}
@string{icalp = "International Colloquium on Automata, Languages and Programming (ICALP)"}
@string{tpami = "IEEE Transactions on Pattern Analysis and Machine Intelligence"}
@string{mathprog = "Mathematical Programming"}
@string{infpl = "Information Processing Letters"}
@string{jair = "Journal or Artificial Intelligence Research (JAIR)"}
@string{jacm = "Journal of the ACM"}
@string{jmlr = "Journal of Machine Learning Research (JMLR)"}
@string{kdd = "ACM SIGKDD International Conference on Knowledge Discovery and Data Mining (KDD)"}
@string{tkdd = "ACM Transactions on Knowledge Discovery from Data"}
@string{icalp = "International Colloquium on Automata, Languages, and Programming (ICALP)"}
@string{wads = "Workshop on Algorithms and Data Structures (WADS)"}
@string{wadsnew = "International Symposium on Algorithms and Data Structures (WADS)"}
% the new one above from 2009 onwards
@string{aistats = "International Conference on Artificial Intelligence and Statistics (AISTATS)"}
@string{vldb = "International Conference on Very Large Data Bases (VLDB)"}
@string{wsdm = "ACM International Conference on Web Search and Data Mining (WSDM)"}
@string{aaai = "AAAI Conference on Artificial Intelligence (AAAI)"}
@string{icra = "IEEE International Conference on Robotics and Automation (ICRA)"}
@string{iros = "IEEE/RSJ International Conference on Intelligent Robots and Systems (IROS)"}
@string{acc = "Annual Allerton Conference on Circuit and System Theory"}
@string{mlsp = "IEEE International Workshop for Machine Learning in Signal Processing"}
@string{www = "International World Wide Web Conference (WWW)"}
@string{ijcai = "International Joint Conference on Artificial Intelligence (IJCAI)"}
@string{ijrr = "International Journal of Robotics Research (IJRR)"}
@string{rss = "Robotics: Science and Systems Conference (RSS)"}
@string{iclr = "International Conference on Learning Representations (ICLR)"}
@string{wafr = "Workshop on the Algorithmic Foundations of Robotics (WAFR)"}
@string{ecml = "European Conference on Machine Learning (ECML)"}
@string{tmlr = "Transactions on Machine Learning Research (TMLR)"}
@string{chi = "ACM Conference on Human Factors in Computing Systems (CHI)"}

@article{aroyo2015truth,
  title={Truth is a lie: Crowd truth and the seven myths of human annotation},
  author={Aroyo, Lora and Welty, Chris},
  journal={AI Magazine},
  volume={36},
  number={1},
  pages={15--24},
  year={2015}
}

@inproceedings{cai2019human,
  title={Human-centered tools for coping with imperfect algorithms during medical decision-making},
  author={Cai, Carrie J and Reif, Emily and Hegde, Narayan and Hipp, Jason and Kim, Been and Smilkov, Daniel and Wattenberg, Martin and Viegas, Fernanda and Corrado, Greg S and Stumpe, Martin C and others},
  booktitle=chi,
  year={2019}
}

@inproceedings{davidson2001theories,
  title={Theories of meaning and learnable languages},
  author={Davidson, Donald},
  booktitle={Proceedings of the 1964 International Congress for Logic, Methodology, and Philosophy of Science},
  pages={383--394},
  year={1965},
  publisher={North-Holland Publishing},
  editor={Yehoshua Bar-Hillel}
}

@article{davidson2001logical,
  title={The logical form of action sentences},
  author={Davidson, Donald},
  journal={The Logic of Decision and Action},
  year={1967},
  publisher={Pittsburgh: University of Pittsburgh},
  editor={Nicholas Rescher}
}

@incollection{davidson1967truth,
  title={Truth and meaning},
  author={Davidson, Donald},
  booktitle={Philosophy, Language, and Artificial Intelligence: Resources for Processing Natural Language},
  pages={93--111},
  year={1967},
  publisher={Springer}
}

@article{podell2023sdxl,
  title={Sdxl: Improving latent diffusion models for high-resolution image synthesis},
  author={Podell, Dustin and English, Zion and Lacey, Kyle and Blattmann, Andreas and Dockhorn, Tim and M{\"u}ller, Jonas and Penna, Joe and Rombach, Robin},
  journal={arXiv preprint arXiv:2307.01952},
  year={2023}
}

@article{yu2023scaling,
  title={Scaling autoregressive multi-modal models: Pretraining and instruction tuning},
  author={Yu, Lili and Shi, Bowen and Pasunuru, Ramakanth and Muller, Benjamin and Golovneva, Olga and Wang, Tianlu and Babu, Arun and Tang, Binh and Karrer, Brian and Sheynin, Shelly and others},
  journal={arXiv preprint arXiv:2309.02591},
  volume={2},
  number={3},
  year={2023}
}

@inproceedings{lin2014microsoft,
  title={Microsoft {COCO}: Common objects in context},
  author={Lin, Tsung-Yi and Maire, Michael and Belongie, Serge and Hays, James and Perona, Pietro and Ramanan, Deva and Doll{\'a}r, Piotr and Zitnick, C Lawrence},
  booktitle=eccv,
  year={2014},
}

@article{cho2023davidsonian,
  title={Davidsonian scene graph: Improving reliability in fine-grained evaluation for text-image generation},
  author={Cho, Jaemin and Hu, Yushi and Garg, Roopal and Anderson, Peter and Krishna, Ranjay and Baldridge, Jason and Bansal, Mohit and Pont-Tuset, Jordi and Wang, Su},
  journal={arXiv preprint arXiv:2310.18235},
  year={2023}
}

@article{hook2000steps,
  title={Steps to take before intelligent user interfaces become real},
  author={H{\"o}{\"o}k, Kristina},
  journal={Interacting with computers},
  volume={12},
  number={4},
  pages={409--426},
  year={2000},
  publisher={OUP}
}

@inproceedings{kim2023help,
  title={"Help Me Help the AI": Understanding How Explainability Can Support Human-AI Interaction},
  author={Kim, Sunnie SY and Watkins, Elizabeth Anne and Russakovsky, Olga and Fong, Ruth and Monroy-Hern{\'a}ndez, Andr{\'e}s},
  booktitle=chi,
  year={2023}
}

@inproceedings{yang2020re,
  title={Re-examining whether, why, and how human-AI interaction is uniquely difficult to design},
  author={Yang, Qian and Steinfeld, Aaron and Ros{\'e}, Carolyn and Zimmerman, John},
  booktitle=chi,
  year={2020}
}

@book{nilsson2009quest,
  title={The Quest for Artificial Intelligence},
  author={Nilsson, Nils J},
  year={2009},
  publisher={Cambridge University Press}
}

@inproceedings{vodrahalli2023artwhisperer,
  title={Artwhisperer: A dataset for characterizing human-ai interactions in artistic creations},
  author={Vodrahalli, Kailas and Zou, James},
  booktitle=icml,
  year={2024}
}

@article{zeqiang2023mini,
  title={Mini-dalle3: Interactive text to image by prompting large language models},
  author={Zeqiang, Lai and Xizhou, Zhu and Jifeng, Dai and Yu, Qiao and Wenhai, Wang},
  journal={arXiv preprint arXiv:2310.07653},
  year={2023}
}

@article{cheng2024theatergen,
  title={TheaterGen: Character Management with LLM for Consistent Multi-turn Image Generation},
  author={Cheng, Junhao and Yin, Baiqiao and Cai, Kaixin and Huang, Minbin and Li, Hanhui and He, Yuxin and Lu, Xi and Li, Yue and Li, Yifei and Cheng, Yuhao and others},
  journal={arXiv preprint arXiv:2404.18919},
  year={2024}
}

@article{cheng2024autostudio,
  title={AutoStudio: Crafting Consistent Subjects in Multi-turn Interactive Image Generation},
  author={Cheng, Junhao and Lu, Xi and Li, Hanhui and Zai, Khun Loun and Yin, Baiqiao and Cheng, Yuhao and Yan, Yiqiang and Liang, Xiaodan},
  journal={arXiv preprint arXiv:2406.01388},
  year={2024}
}

@inproceedings{hu2024instruct,
  title={Instruct-Imagen: Image generation with multi-modal instruction},
  author={Hu, Hexiang and Chan, Kelvin CK and Su, Yu-Chuan and Chen, Wenhu and Li, Yandong and Sohn, Kihyuk and Zhao, Yang and Ben, Xue and Gong, Boqing and Cohen, William and others},
  booktitle=iccv,
  year={2024}
}

@article{sun2023dsg,
  title={DSG-GAN: Multi-turn text-to-image synthesis via dual semantic-stream guidance with global and local linguistics},
  author={Sun, Heyu and Guo, Qiang},
  journal={Intelligent Systems with Applications},
  volume={20},
  pages={200271},
  year={2023},
  publisher={Elsevier}
}

@article{huang2024dialoggen,
  title={DialogGen: Multi-modal Interactive Dialogue System for Multi-turn Text-to-Image Generation},
  author={Huang, Minbin and Long, Yanxin and Deng, Xinchi and Chu, Ruihang and Xiong, Jiangfeng and Liang, Xiaodan and Cheng, Hong and Lu, Qinglin and Liu, Wei},
  journal={arXiv preprint arXiv:2403.08857},
  year={2024}
}

@article{norman1994might,
  title={How might people interact with agents},
  author={Norman, Donald A},
  journal={Communications of the ACM},
  volume={37},
  number={7},
  pages={68--71},
  year={1994},
  publisher={ACM New York, NY, USA}
}

@inproceedings{amershi2019guidelines,
  title={Guidelines for human-AI interaction},
  author={Amershi, Saleema and Weld, Dan and Vorvoreanu, Mihaela and Fourney, Adam and Nushi, Besmira and Collisson, Penny and Suh, Jina and Iqbal, Shamsi and Bennett, Paul N and Inkpen, Kori and others},
  booktitle=chi,
  year={2019}
}

@article{chen2024designing,
  title={Designing a Dashboard for Transparency and Control of Conversational AI},
  author={Chen, Yida and Wu, Aoyu and DePodesta, Trevor and Yeh, Catherine and Li, Kenneth and Marin, Nicholas Castillo and Patel, Oam and Riecke, Jan and Raval, Shivam and Seow, Olivia and others},
  journal={arXiv preprint arXiv:2406.07882},
  year={2024}
}

@article{viegas2023system,
  title={The system model and the user model: Exploring AI dashboard design},
  author={Vi{\'e}gas, Fernanda and Wattenberg, Martin},
  journal={arXiv preprint arXiv:2305.02469},
  year={2023}
}

@article{chaloner1995bayesian,
  title={Bayesian experimental design: A review},
  author={Chaloner, Kathryn and Verdinelli, Isabella},
  journal={Statistical science},
  pages={273--304},
  year={1995},
  publisher={JSTOR}
}

@article{kirk2009experimental,
  title={Experimental design},
  author={Kirk, Roger E},
  journal={The SAGE Handbook of Quantitative Methods in Psychology},
  pages={23--45},
  year={2009},
  publisher={Sage London}
}

@inproceedings{chu2005preference,
  title={Preference learning with Gaussian processes},
  author={Chu, Wei and Ghahramani, Zoubin},
  booktitle=icml,
  year={2005}
}

@inproceedings{furnkranz2003pairwise,
  title={Pairwise preference learning and ranking},
  author={F{\"u}rnkranz, Johannes and H{\"u}llermeier, Eyke},
  booktitle=ecml,
  year={2003},
}

@inproceedings{boutilier2002pomdp,
  title={A {POMDP} formulation of preference elicitation problems},
  author={Boutilier, Craig},
  booktitle=aaai,
  year={2002},
  organization={Edmonton, AB}
}

@book{russell2016artificial,
  title={Artificial intelligence: A modern approach},
  author={Russell, Stuart J and Norvig, Peter},
  year={2016},
  publisher={Pearson}
}

@inproceedings{hu2023tifa,
  title={{TIFA}: Accurate and interpretable text-to-image faithfulness evaluation with question answering},
  author={Hu, Yushi and Liu, Benlin and Kasai, Jungo and Wang, Yizhong and Ostendorf, Mari and Krishna, Ranjay and Smith, Noah A},
  booktitle=iccv,
  year={2023}
}

@inproceedings{kaelbling2011hierarchical,
  title={Hierarchical task and motion planning in the now},
  author={Kaelbling, Leslie Pack and Lozano-P{\'e}rez, Tom{\'a}s},
  booktitle=icra,
  year={2011}
}

@article{wang2024pre,
  title={Pre-trained Gaussian processes for Bayesian optimization},
  author={Wang, Zi and Dahl, George E and Swersky, Kevin and Lee, Chansoo and Nado, Zachary and Gilmer, Justin and Snoek, Jasper and Ghahramani, Zoubin},
  journal=jmlr,
  volume={25},
  number={212},
  pages={1--83},
  year={2024}
}

@inproceedings{lozano2014constraint,
  title={A constraint-based method for solving sequential manipulation planning problems},
  author={Lozano-P{\'e}rez, Tom{\'a}s and Kaelbling, Leslie Pack},
  booktitle=iros,
  year={2014},
}

@inproceedings{phiquepal2019combined,
  title={Combined task and motion planning under partial observability: An optimization-based approach},
  author={Phiquepal, Camille and Toussaint, Marc},
  booktitle=icra,
  year={2019},
}

@article{pang2024empowering,
  title={Empowering Language Models with Active Inquiry for Deeper Understanding},
  author={Pang, Jing-Cheng and Fan, Heng-Bo and Wang, Pengyuan and Xiao, Jia-Hao and Tang, Nan and Yang, Si-Hang and Jia, Chengxing and Huang, Sheng-Jun and Yu, Yang},
  journal={arXiv preprint arXiv:2402.03719},
  year={2024}
}

@article{curtis2024partially,
  title={Partially Observable Task and Motion Planning with Uncertainty and Risk Awareness},
  author={Curtis, Aidan and Matheos, George and Gothoskar, Nishad and Mansinghka, Vikash and Tenenbaum, Joshua and Lozano-P{\'e}rez, Tom{\'a}s and Kaelbling, Leslie Pack},
  journal={arXiv preprint arXiv:2403.10454},
  year={2024}
}

@article{kaelbling1998planning,
  title={Planning and acting in partially observable stochastic domains},
  author={Kaelbling, Leslie Pack and Littman, Michael L and Cassandra, Anthony R},
  journal={Artificial Intelligence},
  volume={101},
  number={1-2},
  pages={99--134},
  year={1998},
  publisher={Elsevier}
}

@article{houlsby2011bayesian,
  title={Bayesian active learning for classification and preference learning},
  author={Houlsby, Neil and Husz{\'a}r, Ferenc and Ghahramani, Zoubin and Lengyel, M{\'a}t{\'e}},
  journal={arXiv preprint arXiv:1112.5745},
  year={2011}
}

@article{angluin1988queries,
  title={Queries and concept learning},
  author={Angluin, Dana},
  journal={Machine learning},
  volume={2},
  pages={319--342},
  year={1988},
  publisher={Springer}
}

@article{sammut1986learning,
  title={Learning concepts by asking questions},
  author={Sammut, Claude and Banerji, Ranan B},
  journal={Machine learning: An artificial intelligence approach},
  volume={2},
  pages={167--192},
  year={1986}
}

@book{garnett2023bayesian,
  title={Bayesian optimization},
  author={Garnett, Roman},
  year={2023},
  publisher={Cambridge University Press}
}

@article{ren2021survey,
  title={A survey of deep active learning},
  author={Ren, Pengzhen and Xiao, Yun and Chang, Xiaojun and Huang, Po-Yao and Li, Zhihui and Gupta, Brij B and Chen, Xiaojiang and Wang, Xin},
  journal={ACM computing surveys (CSUR)},
  volume={54},
  number={9},
  pages={1--40},
  year={2021},
  publisher={ACM New York, NY}
}

@inproceedings{gal2017deep,
  title={Deep bayesian active learning with image data},
  author={Gal, Yarin and Islam, Riashat and Ghahramani, Zoubin},
  booktitle=icml,
  pages={1183--1192},
  year={2017},
  organization={PMLR}
}

@article{cohn1996active,
  title={Active learning with statistical models},
  author={Cohn, David A and Ghahramani, Zoubin and Jordan, Michael I},
  journal=jair,
  volume={4},
  pages={129--145},
  year={1996}
}

@article{bryan2005active,
  title={Active learning for identifying function threshold boundaries},
  author={Bryan, Brent and Nichol, Robert C and Genovese, Christopher R and Schneider, Jeff and Miller, Christopher J and Wasserman, Larry},
  journal=neurips,
  year={2005}
}

@techreport{settles.tr09,
Author = {Burr Settles},
Institution = {University of Wisconsin--Madison},
Number = {1648},
Title = {Active Learning Literature Survey},
Type = {Computer Sciences Technical Report},
Year = {2009}
}

@article{chen2024chatshop,
  title={{ChatShop}: Interactive Information Seeking with Language Agents},
  author={Chen, Sanxing and Wiseman, Sam and Dhingra, Bhuwan},
  journal={arXiv preprint arXiv:2404.09911},
  year={2024}
}

@inproceedings{cho2024visual,
  title={Visual programming for step-by-step text-to-image generation and evaluation},
  author={Cho, Jaemin and Zala, Abhay and Bansal, Mohit},
  booktitle=neurips,
  year={2023}
}

@article{nilsson1986probabilistic,
  title={Probabilistic logic},
  author={Nilsson, Nils J},
  journal={Artificial Intelligence},
  volume={28},
  number={1},
  pages={71--87},
  year={1986},
  publisher={Elsevier}
}

@InCollection{McCHay69,
	author = "John McCarthy and Patrick J. Hayes",
	title = "Some Philosophical Problems from the Standpoint of
	Artificial Intelligence",
	booktitle = "Machine Intelligence 4",
	editor = "B. Meltzer and D. Michie",
	pages = "463--502",
	publisher = "Edinburgh University Press",
	year = "1969",
	note = "reprinted in McC90",
}


@Misc{alkhazraji-et-al-zenodo2020,
  author =       "Yusra Alkhazraji and Matthias Frorath and Markus Gr{\"u}tzner
                  and Malte Helmert and Thomas Liebetraut and Robert Mattm{\"u}ller
                  and Manuela Ortlieb and Jendrik Seipp and Tobias Springenberg and
                  Philip Stahl and Jan W{\"u}lfing",
  title =        "Pyperplan",
  publisher =    "Zenodo",
  year =         "2020",
  doi =          "10.5281/zenodo.3700819",
  url =          "https://doi.org/10.5281/zenodo.3700819",
  howpublished = "\url{https://doi.org/10.5281/zenodo.3700819}"
}

@book{minsky1988society,
  title={The Society of Mind},
  author={Minsky, Marvin},
  year={1988},
  publisher={Simon and Schuster}
}

@article{moore1985formal,
  title={A formal theory of knowledge and action},
  author={Moore, Robert C},
  journal={Formal theories of the commonsense world},
  pages={319--358},
  year={1985},
  publisher={Ablex Publishing Corporation}
}

@techreport{minsky1974framework,
  title={A framework for representing knowledge},
  author={Minsky, Marvin},
  year={1974},
  institution={A.I. Laboratory, Massachusetts Institute of Technology},
  url={https://dspace.mit.edu/bitstream/handle/1721.1/6089/AIM-306.pdf}
}

@article{gupta1992complexity,
  title={On the complexity of blocks-world planning},
  author={Gupta, Naresh and Nau, Dana S},
  journal={Artificial Intelligence},
  volume={56},
  number={2-3},
  pages={223--254},
  year={1992},
  publisher={Elsevier}
}

@article{ginsberg1988reasoning,
  title={Reasoning about action I: A possible worlds approach},
  author={Ginsberg, Matthew L and Smith, David E},
  journal={Artificial Intelligence},
  volume={35},
  number={2},
  pages={165--195},
  year={1988},
  publisher={Elsevier}
}

@inproceedings{andukuri2024star,
  title={{STaR-GATE}: Teaching language models to ask clarifying questions},
  author={Andukuri, Chinmaya and Fr{\"a}nken, Jan-Philipp and Gerstenberg, Tobias and Goodman, Noah D},
  booktitle={Conference on Language Modeling},
  year={2024}
}

@article{chouinard2007children,
  title={Children's questions: A mechanism for cognitive development},
  author={Chouinard, Michelle M and Harris, Paul L and Maratsos, Michael P},
  journal={Monographs of the Society for Research in Child Development},
  pages={i--129},
  year={2007},
  publisher={JSTOR}
}

@inproceedings{wu2023large,
  title={Large Language Models Should Ask Clarifying Questions to Increase Confidence in Generated Code},
  author={Wu, Jie JW},
  booktitle={Annual Symposium on Machine Programming (MAPS)},
  year={2023}
}

@article{zhang2023clarify,
  title={Clarify when necessary: Resolving ambiguity through interaction with lms},
  author={Zhang, Michael JQ and Choi, Eunsol},
  journal={arXiv:2311.09469 [cs.CL]},
  year={2023}
}

@inproceedings{zhang2024clamber,
      title={{CLAMBER}: A Benchmark of Identifying and Clarifying Ambiguous Information Needs in Large Language Models}, 
      author={Tong Zhang and Peixin Qin and Yang Deng and Chen Huang and Wenqiang Lei and Junhong Liu and Dingnan Jin and Hongru Liang and Tat-Seng Chua},
      year={2024},
      booktitle = {Proceedings of the 62nd Annual Meeting of the Association for Computational Linguistics (ACL)},
}


@inproceedings{ min2020ambigqa,
    title={ {A}mbig{QA}: Answering Ambiguous Open-domain Questions },
    author={ Min, Sewon and Michael, Julian and Hajishirzi, Hannaneh and Zettlemoyer, Luke },
    booktitle={ EMNLP },
    year={ 2020 }
}

@article{kuhn2022clam,
  title={{CLAM}: Selective clarification for ambiguous questions with generative language models},
  author={Kuhn, Lorenz and Gal, Yarin and Farquhar, Sebastian},
  journal={arXiv:2212.07769 [cs.CL]},
  year={2023}
}

@inproceedings{kuhn2023semantic,
  title={Semantic uncertainty: Linguistic invariances for uncertainty estimation in natural language generation},
  author={Kuhn, Lorenz and Gal, Yarin and Farquhar, Sebastian},
  booktitle=iclr,
  year={2023}
}

@article{hu2024uncertainty,
  title={Uncertainty of Thoughts: Uncertainty-Aware Planning Enhances Information Seeking in Large Language Models},
  author={Hu, Zhiyuan and Liu, Chumin and Feng, Xidong and Zhao, Yilun and Ng, See-Kiong and Luu, Anh Tuan and He, Junxian and Koh, Pang Wei and Hooi, Bryan},
  journal={arXiv:2402.03271 [cs.CL]},
  year={2024}
}

@article{zhang2024ask,
  title={Ask-before-Plan: Proactive Language Agents for Real-World Planning},
  author={Zhang, Xuan and Deng, Yang and Ren, Zifeng and Ng, See-Kiong and Chua, Tat-Seng},
  journal={arXiv:2406.12639 [cs.CL]},
  year={2024}
}



@article{feurer2018practical,
  title={Practical transfer learning for {Bayesian} optimization},
  author={Feurer, Matthias and Letham, Benjamin and Hutter, Frank and Bakshy, Eytan},
  journal={arXiv:1802.02219 [stat.ML]},
  year={2018}
}


@incollection{bachoc2021asymptotic,
  title={Asymptotic analysis of maximum likelihood estimation of covariance parameters for {G}aussian processes: an introduction with proofs},
  author={Bachoc, Fran{\c{c}}ois},
  booktitle={Advances in Contemporary Statistics and Econometrics: Festschrift in Honor of Christine Thomas-Agnan},
  pages={283--303},
  year={2021},
  publisher={Springer}
}

@inproceedings{sagawa2020distributionally,
  title={Distributionally robust neural networks for group shifts: On the importance of regularization for worst-case generalization},
  author={Sagawa, Shiori and Koh, Pang Wei and Hashimoto, Tatsunori B and Liang, Percy},
  booktitle=iclr,
  year={2020}
}

@inproceedings{kingma2014adam,
  title={Adam: A method for stochastic optimization},
  author={Kingma, Diederik P and Ba, Jimmy},
  booktitle=iclr,
  year={2015}
}

@article{dolan2002benchmarking,
  title={Benchmarking optimization software with performance profiles},
  author={Dolan, Elizabeth D and Mor{\'e}, Jorge J},
  journal={Mathematical Programming},
  volume={91},
  pages={201--213},
  year={2002},
  publisher={Springer}
}

@article{DBLP:journals/corr/ChelbaMSGBK13,
  author    = {Ciprian Chelba and
               Tomas Mikolov and
               Mike Schuster and
               Qi Ge and
               Thorsten Brants and
               Phillipp Koehn},
  title     = {One Billion Word Benchmark for Measuring Progress in Statistical Language
               Modeling},
  journal   = {CoRR},
  volume    = {abs/1312.3005},
  year      = {2013},
  url       = {http://arxiv.org/abs/1312.3005},
  archivePrefix = {arXiv},
  eprint    = {1312.3005},
  timestamp = {Mon, 13 Aug 2018 16:46:16 +0200},
  biburl    = {https://dblp.org/rec/bib/journals/corr/ChelbaMSGBK13},
  bibsource = {dblp computer science bibliography, https://dblp.org}
}

@article{lecun2010mnist,
  title={{MNIST} handwritten digit database},
  author={LeCun, Yann and Cortes, Corinna and Burges, CJ},
  journal={ATT Labs [Online]. Available: http://yann.lecun.com/exdb/mnist},
  volume={2},
  year={2010}
}

@inproceedings{jouppi2021ten,
  title={Ten lessons from three generations shaped {Google’s TPUv4i}},
  author={Jouppi, Norman P and Yoon, Doe Hyun and Ashcraft, Matthew and Gottscho, Mark and Jablin, Thomas B and Kurian, George and Laudon, James and Li, Sheng and Ma, Peter and Ma, Xiaoyu and others},
  booktitle={ACM/IEEE 48th Annual International Symposium on Computer Architecture (ISCA)},
  year={2021},
}

@inproceedings{nesterov1983method,
  title={A method of solving a convex programming problem with convergence rate {O$\bigl(1/k^2\bigr)$}},
  author={Nesterov, Yurii E.},
  booktitle={Doklady Akademii Nauk},
  volume={269},
  pages={543--547},
  year={1983},
  organization={Russian Academy of Sciences}
}

@book{cover2006elements,
  title={Elements of Information Theory},
  author={Cover, Thomas M and Thomas, Joy A},
  year={2006},
  publisher={John Wiley \& Sons}
}

@article{vishwanathan2010graph,
  title={Graph kernels},
  author={Vishwanathan, S Vichy N and Schraudolph, Nicol N and Kondor, Risi and Borgwardt, Karsten M},
  journal=jmlr,
  volume={11},
  pages={1201--1242},
  year={2010},
  publisher={MIT Press}
}
@inproceedings{optformer,
  author    = {Yutian Chen and
               Xingyou Song and
               Chansoo Lee and
               Zi Wang and
               Qiuyi Zhang and
               David Dohan and
               Kazuya Kawakami and
               Greg Kochanski and
               Arnaud Doucet and
               Marc'Aurelio Ranzato and
               Sagi Perel and
               Nando de Freitas},
  title     = {Towards Learning Universal Hyperparameter Optimizers with Transformers},
  booktitle = neurips,
  year      = {2022}
}
@inproceedings{van2017convolutional,
  title={{Convolutional Gaussian processes}},
  author={Van der Wilk, Mark and Rasmussen, Carl Edward and Hensman, James},
  booktitle=neurips,
  year={2017}
}
@book{daelemans2005memory,
  title={Memory-based Language Processing},
  author={Daelemans, Walter and Van den Bosch, Antal and others},
  year={2005},
  publisher={Cambridge University Press}
}
@book{russell2010artificial,
  title={Artificial intelligence: A modern approach},
  author={Russell, Stuart J. and Norvig, Peter},
  year={2003},
  publisher={Prentice Hall}
}
@misc{deepmind2020jax,
  title = {The {D}eep{M}ind {JAX} {E}cosystem},
  author = {Babuschkin, Igor and Baumli, Kate and Bell, Alison and Bhupatiraju, Surya and Bruce, Jake and Buchlovsky, Peter and Budden, David and Cai, Trevor and Clark, Aidan and Danihelka, Ivo and Fantacci, Claudio and Godwin, Jonathan and Jones, Chris and Hemsley, Ross and Hennigan, Tom and Hessel, Matteo and Hou, Shaobo and Kapturowski, Steven and Keck, Thomas and Kemaev, Iurii and King, Michael and Kunesch, Markus and Martens, Lena and Merzic, Hamza and Mikulik, Vladimir and Norman, Tamara and Quan, John and Papamakarios, George and Ring, Roman and Ruiz, Francisco and Sanchez, Alvaro and Schneider, Rosalia and Sezener, Eren and Spencer, Stephen and Srinivasan, Srivatsan and Wang, Luyu and Stokowiec, Wojciech and Viola, Fabio},
  url = {http://github.com/deepmind},
  year = {2020},
}

@inproceedings{titsias2009variational,
  title={Variational learning of inducing variables in sparse {G}aussian processes},
  author={Titsias, Michalis},
  booktitle=aistats,
  year={2009}
}

@article{terenin2022numerically,
    author  = {Alexander Terenin and David R. Burt and Artem Artemev and Seth Flaxman and Mark van der Wilk and Carl Edward Rasmussen and Hong Ge},
  title   = {Numerically Stable Sparse {G}aussian Processes via Minimum Separation using Cover Trees},
  journal = jmlr,
  year    = {2024},
  volume  = {25},
  number  = {26},
  pages   = {1--36},
}
@inproceedings{lakshminarayanan2016mondrian,
  title={Mondrian forests for large-scale regression when uncertainty matters},
  author={Lakshminarayanan, Balaji and Roy, Daniel M and Teh, Yee Whye},
  booktitle=aistats,
  year={2016}
}
@inproceedings{gelbart-2014a,
author = {Gelbart, Michael A. and Snoek, Jasper and Adams, Ryan P.},
title = {Bayesian optimization with unknown constraints},
year = {2014},
booktitle = {Uncertainty in Artificial Intelligence},
}
@phdthesis{gelbart-2015,
title={Constrained Bayesian Optimization and Applications},
year={2015},
author={Michael Gelbart},
school={Harvard University},
}
@article{lobato-2016,
author = {Hern\'{a}ndez-Lobato, Jos\'{e} Miguel and Gelbart, Michael A. and Adams, Ryan P. and Hoffman, Matthew W. and Ghahramani, Zoubin},
title = {A general framework for constrained {B}ayesian optimization using information-based search},
journal = jmlr,
  year    = {2016},
  volume  = {17},
  number  = {160},
  pages   = {1--53},
}
@phdthesis{snoek-2013,
author={Jasper Snoek},
title={Bayesian Optimization and Semiparametric Models
with Applications to Assistive Technology},
year={2013},
school={University of Toronto},
}

@InProceedings{gardner-2014,
  title = 	 {Bayesian Optimization with Inequality Constraints},
  author = 	 {Gardner, Jacob and Kusner, Matt and Zhixiang,  and Weinberger, Kilian and Cunningham, John},
  booktitle = 	 icml,
  year = 	 {2014},
}
@article{omran2007overview,
  title={An overview of clustering methods},
  author={Omran, Mahamed GH and Engelbrecht, Andries P and Salman, Ayed},
  journal={Intelligent Data Analysis},
  volume={11},
  number={6},
  pages={583--605},
  year={2007},
  publisher={IOS Press}
}
@inproceedings{burt2020understanding,
  title={Understanding variational inference in function-space},
  author={Burt, David R and Ober, Sebastian W and Garriga-Alonso, Adri{\`a} and van der Wilk, Mark},
  booktitle={3rd Symposium on Advances in Approximate Bayesian Inference},
  year={2020}
}

@article{wang2021learning,
  title={Learning compositional models of robot skills for task and motion planning},
  author={Wang, Zi and Garrett, Caelan Reed and Kaelbling, Leslie Pack and Lozano-P{\'e}rez, Tom{\'a}s},
  journal=ijrr,
  volume={40},
  number={6-7},
  pages={866--894},
  year={2021},
  publisher={SAGE Publications Sage UK: London, England}
}

@inproceedings{rolland2018high,
  title={High-dimensional {Bayesian} optimization via additive models with overlapping groups},
  author={Rolland, Paul and Scarlett, Jonathan and Bogunovic, Ilija and Cevher, Volkan},
  booktitle=aistats,
  year={2018}
}
@inproceedings{gardner2017discovering,
  title={Discovering and exploiting additive structure for {Bayesian} optimization},
  author={Gardner, Jacob and Guo, Chuan and Weinberger, Kilian and Garnett, Roman and Grosse, Roger},
  booktitle=aistats,
  year={2017}
}


@inproceedings{sun2019functional,
  title={Functional variational {B}ayesian neural networks},
  author={Sun, Shengyang and Zhang, Guodong and Shi, Jiaxin and Grosse, Roger},
  booktitle=iclr,
  year={2019}
}

@article{chen2015microsoft,
  title={Microsoft coco captions: Data collection and evaluation server},
  author={Chen, Xinlei and Fang, Hao and Lin, Tsung-Yi and Vedantam, Ramakrishna and Gupta, Saurabh and Doll{\'a}r, Piotr and Zitnick, C Lawrence},
  journal={arXiv preprint arXiv:1504.00325},
  year={2015}
}

@article{caruana1997multitask,
  title={Multitask learning},
  author={Caruana, Rich},
  journal={Machine learning},
  volume={28},
  number={1},
  pages={41--75},
  year={1997},
  publisher={Springer}
}

@inproceedings{bonilla2007multi,
  title={Multi-task {Gaussian} process prediction},
  author={Bonilla, Edwin V and Chai, Kian and Williams, Christopher},
  booktitle=neurips,
  year={2007}
}

@inproceedings{snelson2007local,
  title={Local and global sparse {Gaussian} process approximations},
  author={Snelson, Edward and Ghahramani, Zoubin},
  booktitle=aistats,
  year={2007}
}
@article{csato2002sparse,
  title={Sparse on-line {Gaussian} processes},
  author={Csat{\'o}, Lehel and Opper, Manfred},
  journal={Neural Computation},
  volume={14},
  number={3},
  pages={641--668},
  year={2002},
  publisher={MIT Press}
}

@article{bauer2016understanding,
  title={Understanding probabilistic sparse {Gaussian} process approximations},
  author={Bauer, Matthias and van der Wilk, Mark and Rasmussen, Carl Edward},
  journal=neurips,
  year={2016}
}

@book{jaynes2003probability,
  title={Probability theory: The logic of science},
  author={Jaynes, E. T.},
  year={2003},
  publisher={Cambridge University Press}
}

@inproceedings{contal2014gaussian,
  title={Gaussian process optimization with mutual information},
  author={Contal, Emile and Perchet, Vianney and Vayatis, Nicolas},
  booktitle=icml,
  year={2014}
}

@article{pineda2021hpob,
  author    = {Sebastian Pineda{-}Arango and
               Hadi S. Jomaa and
               Martin Wistuba and
               Josif Grabocka},
  title     = {{HPO-B:} {A} Large-Scale Reproducible Benchmark for Black-Box {HPO}
               based on {OpenML}},
  journal   = {Neural Information Processing Systems (NeurIPS) Track on Datasets and Benchmarks},
  year      = {2021}
}

@inproceedings{schulz2016quantifying,
  title={Quantifying mismatch in {B}ayesian optimization},
  author={Schulz, Eric and Speekenbrink, Maarten and Hern{\'a}ndez-Lobato, Jos{\'e} Miguel and Ghahramani, Zoubin and Gershman, Samuel J},
  booktitle={NeurIPS Workshop on Bayesian Optimization: Black-box Optimization and Beyond},
  year={2016}
}

@article{berkenkamp2019no,
  title={No-regret {Bayesian} optimization with unknown hyperparameters},
  author={Berkenkamp, Felix and Schoellig, Angela P and Krause, Andreas},
  journal=jmlr,
  year    = {2019},
  volume  = {20},
  number  = {50},
  pages   = {1--24}
}

@article{bogunovic2021misspecified,
  title={Misspecified {Gaussian} process bandit optimization},
  author={Bogunovic, Ilija and Krause, Andreas},
  journal=neurips,
  year={2021}
}

@inproceedings{wistuba2021few,
  title={Few-shot {B}ayesian optimization with deep kernel surrogates},
  author={Wistuba, Martin and Grabocka, Josif},
  booktitle=iclr,
  year={2021}
}
@inproceedings{salinas2020quantile,
  title={A quantile-based approach for hyperparameter transfer learning},
  author={Salinas, David and Shen, Huibin and Perrone, Valerio},
  booktitle=icml,
  year={2020},
}
@article{liu1989limited,
  title={On the limited memory {BFGS} method for large scale optimization},
  author={Liu, Dong C and Nocedal, Jorge},
  journal={Mathematical Programming},
  volume={45},
  number={1},
  pages={503--528},
  year={1989},
  publisher={Springer}
}
@inproceedings{girshick2014rich,
  title={Rich feature hierarchies for accurate object detection and semantic segmentation},
  author={Girshick, Ross and Donahue, Jeff and Darrell, Trevor and Malik, Jitendra},
  booktitle=cvpr,
  year={2014}
}

@InProceedings{donahue14decaf,
  title = 	 {{DeCAF}: A Deep Convolutional Activation Feature for Generic Visual Recognition},
  author = 	 {Donahue, Jeff and Jia, Yangqing and Vinyals, Oriol and Hoffman, Judy and Zhang, Ning and Tzeng, Eric and Darrell, Trevor},
  booktitle = 	 icml,
  year = 	 {2014},
}

@inproceedings{devlin2018bert,
  title={{BERT}: Pre-training of Deep Bidirectional Transformers for Language Understanding},
  author={Devlin, Jacob and Chang, Ming-Wei and Lee, Kenton and Toutanova, Kristina},
  booktitle={Conference of the North American Chapter of the Association for Computational Linguistics: Human Language Technologies},
  year={2019}
}

@article{dillon2017tensorflow,
  title={Tensorflow distributions},
  author={Dillon, Joshua V and Langmore, Ian and Tran, Dustin and Brevdo, Eugene and Vasudevan, Srinivas and Moore, Dave and Patton, Brian and Alemi, Alex and Hoffman, Matt and Saurous, Rif A},
  journal={arXiv:1711.10604 [cs.LG]},
  year={2017}
}
@misc{flax2020github,
  author = {Jonathan Heek and Anselm Levskaya and Avital Oliver and Marvin Ritter and Bertrand Rondepierre and Andreas Steiner and Marc van {Z}ee},
  title = {{F}lax: A neural network library and ecosystem for {JAX}},
  url = {http://github.com/google/flax},
  version = {0.4.1},
  year = {2020},
}
@misc{optax2020github,
  author = {Matteo Hessel and David Budden and Fabio Viola and Mihaela Rosca
            and Eren Sezener and Tom Hennigan},
  title = {Optax: composable gradient transformation and optimisation, in {JAX}!},
  url = {http://github.com/deepmind/optax},
  version = {0.0.1},
  year = {2020},
}
@article{shields2021bayesian,
  title={{B}ayesian reaction optimization as a tool for chemical synthesis},
  author={Shields, Benjamin J and Stevens, Jason and Li, Jun and Parasram, Marvin and Damani, Farhan and Alvarado, Jesus I Martinez and Janey, Jacob M and Adams, Ryan P and Doyle, Abigail G},
  journal={Nature},
  volume={590},
  number={7844},
  pages={89--96},
  year={2021},
  publisher={Nature Publishing Group}
}
@inproceedings{lam2018advances,
  title={Advances in {B}ayesian optimization with applications in aerospace engineering},
  author={Lam, R{\'e}mi and Poloczek, Matthias and Frazier, Peter and Willcox, Karen E},
  booktitle={AIAA Non-Deterministic Approaches Conference},
  pages={1656},
  year={2018}
}
@inproceedings{he2016deep,
  title={Deep residual learning for image recognition},
  author={He, Kaiming and Zhang, Xiangyu and Ren, Shaoqing and Sun, Jian},
  booktitle=cvpr,
  pages={770--778},
  year={2016}
}
@inproceedings{deng2009imagenet,
  title={Imagenet: A large-scale hierarchical image database},
  author={Deng, Jia and Dong, Wei and Socher, Richard and Li, Li-Jia and Li, Kai and Fei-Fei, Li},
  booktitle=cvpr,
  pages={248--255},
  year={2009},
  organization={IEEE}
}
@article{raffel2019exploring,
  title={Exploring the limits of transfer learning with a unified text-to-text transformer},
  author={Raffel, Colin and Shazeer, Noam and Roberts, Adam and Lee, Katherine and Narang, Sharan and Matena, Michael and Zhou, Yanqi and Li, Wei and Liu, Peter J},
  journal=jmlr,
  year={2020}
}
@techreport{bouthillier:hal-02447823,
  TITLE = {{Survey of machine-learning experimental methods at NeurIPS2019 and ICLR2020}},
  AUTHOR = {Bouthillier, Xavier and Varoquaux, Ga{\"e}l},
  URL = {https://hal.archives-ouvertes.fr/hal-02447823},
  TYPE = {{Research Report}},
  INSTITUTION = {{Inria Saclay Ile de France}},
  YEAR = {2020},
  MONTH = Jan,
  PDF = {https://hal.archives-ouvertes.fr/hal-02447823/file/ml_methods_survey.pdf},
  HAL_ID = {hal-02447823},
  HAL_VERSION = {v1},
}
@article{li2017hyperband,
  title={Hyperband: A novel bandit-based approach to hyperparameter optimization},
  author={Li, Lisha and Jamieson, Kevin and DeSalvo, Giulia and Rostamizadeh, Afshin and Talwalkar, Ameet},
  journal=jmlr,
  volume={18},
  number={1},
  pages={6765--6816},
  year={2017},
  publisher={JMLR. org}
}
@inproceedings{turner2021bayesian,
  title={Bayesian optimization is superior to random search for machine learning hyperparameter tuning: Analysis of the black-box optimization challenge 2020},
  author={Turner, Ryan and Eriksson, David and McCourt, Michael and Kiili, Juha and Laaksonen, Eero and Xu, Zhen and Guyon, Isabelle},
  booktitle={NeurIPS 2020 Competition and Demonstration Track},
  series = 	 {Proceedings of Machine Learning Research},
  year={2021}
}
@article{pyzer2018bayesian,
  title={{B}ayesian optimization for accelerated drug discovery},
  author={Pyzer-Knapp, Edward O},
  journal={IBM Journal of Research and Development},
  volume={62},
  number={6},
  pages={2--1},
  year={2018},
  publisher={IBM}
}
@article{kotthoff2019auto,
author  = {Lars Kotthoff and Chris Thornton and Holger H. Hoos and Frank Hutter and Kevin Leyton-Brown},
  title   = {Auto-{WEKA} 2.0: Automatic model selection and hyperparameter optimization in {WEKA}},
  journal = jmlr,
  year    = {2017},
  volume  = {18},
  number  = {25},
  pages   = {1--5},
}
@inproceedings{driess2017constrained,
  title={Constrained {B}ayesian optimization of combined interaction force/task space controllers for manipulations},
  author={Drie{\ss}, Danny and Englert, Peter and Toussaint, Marc},
  booktitle=icra,
  year={2017},
}
@article{kim2021scalable,
  title={Deep Learning for {Bayesian} Optimization of Scientific Problems with High-Dimensional Structure},
  author={Kim, Samuel and Lu, Peter Y and Loh, Charlotte and Smith, Jamie and Snoek, Jasper and Solja{\v{c}}i{\'c}, Marin},
  journal=tmlr,
  year={2022}
}
@article{griffiths2020constrained,
  title={Constrained {B}ayesian optimization for automatic chemical design using variational autoencoders},
  author={Griffiths, Ryan-Rhys and Hern{\'a}ndez-Lobato, Jos{\'e} Miguel},
  journal={Chemical Science},
  volume={11},
  number={2},
  pages={577--586},
  year={2020},
  publisher={Royal Society of Chemistry}
}
@article{nocedal1980updating,
  title={Updating quasi-Newton matrices with limited storage},
  author={Nocedal, Jorge},
  journal={Mathematics of computation},
  volume={35},
  number={151},
  pages={773--782},
  year={1980}
}
@inproceedings{perrone2018scalable,
  title={Scalable hyperparameter transfer learning},
  author={Perrone, Valerio and Jenatton, Rodolphe and Seeger, Matthias and Archambeau, C{\'e}dric},
  booktitle=neurips,
  year={2018}
}
@article{wistuba2018scalable,
  title={Scalable {Gaussian} process-based transfer surrogates for hyperparameter optimization},
  author={Wistuba, Martin and Schilling, Nicolas and Schmidt-Thieme, Lars},
  journal={Machine Learning},
  volume={107},
  number={1},
  pages={43--78},
  year={2018},
  publisher={Springer}
}
@misc{jax2018github,
  author = {James Bradbury and Roy Frostig and Peter Hawkins and Matthew James Johnson and Chris Leary and Dougal Maclaurin and George Necula and Adam Paszke and Jake Vander{P}las and Skye Wanderman-{M}ilne and Qiao Zhang},
  title = {{JAX}: composable transformations of {P}ython+{N}um{P}y programs},
  url = {http://github.com/google/jax},
  version = {0.2.5},
  year = {2018},
}
@article{iwata2021end,
  title={End-to-End Learning of Deep Kernel Acquisition Functions for {B}ayesian Optimization},
  author={Iwata, Tomoharu},
  journal={arXiv preprint arXiv:2111.00639},
  year={2021}
}
@inproceedings{chen2017learning,
  title={Learning to learn without gradient descent by gradient descent},
  author={Chen, Yutian and Hoffman, Matthew W and Colmenarejo, Sergio G{\'o}mez and Denil, Misha and Lillicrap, Timothy P and Botvinick, Matt and Freitas, Nando},
  booktitle=icml,
  pages={748--756},
  year={2017},
  organization={PMLR}
}
@inproceedings{rothfuss2021pacoh,
  title={{PACOH: Bayes-optimal meta-learning with PAC-guarantees}},
  author={Rothfuss, Jonas and Fortuin, Vincent and Josifoski, Martin and Krause, Andreas},
  booktitle=icml,
  year={2021},
}
@article{kathuria2016batched,
  title={Batched {Gaussian} process bandit optimization via determinantal point processes},
  author={Kathuria, Tarun and Deshpande, Amit and Kohli, Pushmeet},
  journal=neurips,
  year={2016}
}
@article{wang2016bayesian,
  title={{B}ayesian optimization in a billion dimensions via random embeddings},
  author={Wang, Ziyu and Hutter, Frank and Zoghi, Masrour and Matheson, David and de Feitas, Nando},
  journal=jair,
  volume={55},
  pages={361--387},
  year={2016}
}
@inproceedings{oh2018bock,
  title={Bock: {B}ayesian optimization with cylindrical kernels},
  author={Oh, ChangYong and Gavves, Efstratios and Welling, Max},
  booktitle=icml,
  year={2018}
}
@inproceedings{wang2018batched,
  title={Batched large-scale {B}ayesian optimization in high-dimensional spaces},
  author={Wang, Zi and Gehring, Clement and Kohli, Pushmeet and Jegelka, Stefanie},
  booktitle=aistats,
  year={2018}
}
@article{neal-2003,
author = {Radford M. Neal},
title = {{Slice sampling}},
volume = {31},
journal = {The Annals of Statistics},
number = {3},
publisher = {Institute of Mathematical Statistics},
pages = {705 -- 767},
keywords = {Adaptive methods, auxiliary variables, dynamical methods, Gibbs sampling, Markov chain Monte Carlo, Metropolis algorithm, overrelaxation},
year = {2003},
doi = {10.1214/aos/1056562461},
URL = {https://doi.org/10.1214/aos/1056562461}
}
@article{kim2019learning,
  title={Learning to guide task and motion planning using score-space representation},
  author={Kim, Beomjoon and Wang, Zi and Kaelbling, Leslie Pack and Lozano-P{\'e}rez, Tom{\'a}s},
  journal=ijrr,
  volume={38},
  number={7},
  pages={793--812},
  year={2019},
  publisher={SAGE Publications Sage UK: London, England}
}
@inproceedings{volpp2020meta,
  title={Meta-learning acquisition functions for transfer learning in {B}ayesian optimization},
  author={Volpp, Michael and Fr{\"o}hlich, Lukas P and Fischer, Kirsten and Doerr, Andreas and Falkner, Stefan and Hutter, Frank and Daniel, Christian},
  booktitle=iclr,
  year={2020}
}
@inproceedings{wang2018regret,
  title={Regret bounds for meta {B}ayesian optimization with an unknown {Gaussian} process prior},
  author={Wang, Zi and Kim, Beomjoon and Kaelbling, Leslie Pack},
  booktitle=neurips,
  year={2018}
}
@article{metz2020using,
  title={Using a thousand optimization tasks to learn hyperparameter search strategies},
  author={Metz, Luke and Maheswaranathan, Niru and Sun, Ruoxi and Freeman, C Daniel and Poole, Ben and Sohl-Dickstein, Jascha},
  journal={arXiv preprint arXiv:2002.11887},
  year={2020}
}
@inproceedings{lavalle2000rapidly,
  title={Rapidly-exploring random trees: Progress and prospects},
  author={LaValle, Steven M and Kuffner Jr, James J},
  year={2000},
  booktitle=wafr
}

@article{slotani1964tolerance,
  title={Tolerance regions for a multivariate normal population},
  author={Slotani, Mlnoru},
  journal={Annals of the Institute of Statistical Mathematics},
  volume={16},
  number={1},
  pages={135--153},
  year={1964},
  publisher={Springer}
}
@phdthesis{openrave,
 author = "R. Diankov",
 title = "Automated Construction of Robotic Manipulation Programs",
 school = "CMU Robotics Institute",
 month = "August",
 year = "2010",
 number= "CMU-RI-TR-10-29",
}

@article{CullyNature2015,
  title={Robots that adapt like animals},
  author={A. Cully and  J. Clune and D. Tarapore and J. Mouret},
  journal={Nature},
  year={2015}
}

@article{kandasamy2018neural,
  title={Neural Architecture Search with {B}ayesian Optimisation and Optimal Transport},
  author={Kandasamy, Kirthevasan and Neiswanger, Willie and Schneider, Jeff and Poczos, Barnabas and Xing, Eric},
  journal={arXiv preprint arXiv:1802.07191},
  year={2018}
}
@inproceedings{kawaguchi2017deep,
  title={Deep Semi-Random Features for Nonlinear Function Approximation},
  author={Kawaguchi, Kenji and Xie, Bo and Verma, Vikas and Song, Le},
  booktitle=aaai,
  year={2017}
}
@inproceedings{robbins1956empirical,
  title={An empirical {B}ayes approach to statistics},
  author={Robbins, Herbert},
  booktitle={Third Berkeley Symp. Math. Statist. Probab.},
  year={1956}
}
@article{lounici2014high,
  title={High-dimensional covariance matrix estimation with missing observations},
  author={Lounici, Karim},
  journal={Bernoulli},
  volume={20},
  number={3},
  pages={1029--1058},
  year={2014},
  publisher={Bernoulli Society for Mathematical Statistics and Probability}
}
@article{candes2009exact,
  title={Exact matrix completion via convex optimization},
  author={Cand{\`e}s, Emmanuel J and Recht, Benjamin},
  journal={Foundations of Computational mathematics},
  volume={9},
  number={6},
  pages={717},
  year={2009},
  publisher={Springer}
}
@article{zhang2003compound,
  title={Compound decision theory and empirical {B}ayes methods},
  author={Zhang, Cun-Hui and others},
  journal={The Annals of Statistics},
  volume={31},
  number={2},
  pages={379--390},
  year={2003},
  publisher={Institute of Mathematical Statistics}
}
@article{petrone2014bayes,
  title={Bayes and empirical {B}ayes: do they merge?},
  author={Petrone, Sonia and Rousseau, Judith and Scricciolo, Catia},
  journal={Biometrika},
  volume={101},
  number={2},
  pages={285--302},
  year={2014},
  publisher={Oxford University Press}
}
@article{efron2019bayes,
  title={Bayes, oracle {B}ayes and empirical {B}ayes},
  author={Efron, Bradley and others},
  journal={Statistical science},
  volume={34},
  number={2},
  pages={177--201},
  year={2019},
  publisher={Institute of Mathematical Statistics}
}
@inproceedings{malkomes2018automating,
  title={Automating {B}ayesian optimization with {B}ayesian optimization},
  author={Malkomes, Gustavo and Garnett, Roman},
  booktitle=neurips,
  year={2018}
}
@article{kemp2008discovery,
  title={The discovery of structural form},
  author={Kemp, Charles and Tenenbaum, Joshua B},
  journal={Proceedings of the National Academy of Sciences},
  volume={105},
  number={31},
  pages={10687--10692},
  year={2008},
  publisher={The National Academy of Sciences of the USA}
}
@article{sniekers2015adaptive,
  title={Adaptive {B}ayesian credible sets in regression with a {G}aussian process prior},
  author={Sniekers, Suzanne and van der Vaart, Aad and others},
  journal={Electronic Journal of Statistics},
  volume={9},
  number={2},
  pages={2475--2527},
  year={2015},
  publisher={The Institute of Mathematical Statistics and the Bernoulli Society}
}
@book{keener2011theoretical,
  title={Theoretical Statistics: Topics for a Core Course},
  author={Keener, Robert W},
  year={2011},
  publisher={Springer}
}
@inproceedings{snoek2012practical,
  title={Practical {B}ayesian optimization of machine learning algorithms},
  author={Snoek, Jasper and Larochelle, Hugo and Adams, Ryan P},
  booktitle=neurips,
  year={2012}
}
@article{igel2005no,
  title={A no-free-lunch theorem for non-uniform distributions of target functions},
  author={Igel, Christian and Toussaint, Marc},
  journal={Journal of Mathematical Modelling and Algorithms},
  volume={3},
  number={4},
  pages={313--322},
  year={2005},
  publisher={Springer}
}
@inproceedings{li2016hyperband,
  title={Hyperband: A novel bandit-based approach to hyperparameter optimization},
  author={Li, Lisha and Jamieson, Kevin and DeSalvo, Giulia and Rostamizadeh, Afshin and Talwalkar, Ameet},
  booktitle=iclr,
  year={2016}
}
@book{anderson1958introduction,
  title={An Introduction to Multivariate Statistical Analysis},
  author={Anderson, Theodore Wilbur},
  year={1958},
  publisher={Wiley New York}
}
@book{Eaton07,
 author = {Morris L. Eaton},
 title = {Multivariate statistics: A vector space approach},
 publisher={Institute of Mathematical Statistics, Beachwood, Ohio, USA},
 year={2007}
}
@article{laurent2000adaptive,
  title={Adaptive estimation of a quadratic functional by model selection},
  author={Laurent, Beatrice and Massart, Pascal},
  journal={Annals of Statistics},
  pages={1302--1338},
  year={2000},
  publisher={JSTOR}
}


@article{Jung13,
 author = {S. Jung},
 title = {Lecture notes of STAT 2221: Advanced Applied Multivariate Analysis},
 year={2013}
}

@inproceedings{Golovin2017,
title = {Google {Vizier}: A Service for Black-Box Optimization},
author  = {Daniel Golovin and Benjamin Solnik and Subhodeep Moitra and Greg Kochanski and John Elliot Karro and D. Sculley},
year  = {2017},
booktitle=kdd
}

@inproceedings{platt2002learning,
  title={Learning a {G}aussian process prior for automatically generating music playlists},
  author={Platt, John C and Burges, Christopher JC and Swenson, Steven and Weare, Christopher and Zheng, Alice},
  booktitle=neurips,
  year={2002}
}
@inproceedings{schwaighofer2005learning,
  title={Learning {G}aussian process kernels via hierarchical {B}ayes},
  author={Schwaighofer, Anton and Tresp, Volker and Yu, Kai},
  booktitle=neurips,
  year={2005}
}
@inproceedings{malkomestowards,
  title={Towards Automated {B}ayesian Optimization},
  author={Malkomes, Gustavo and Garnett, Roman},
  booktitle={ICML AutoML Workshop},
  year={2017}
}
@inproceedings{malkomes2016bayesian,
  title={{B}ayesian optimization for automated model selection},
  author={Malkomes, Gustavo and Schaff, Charles and Garnett, Roman},
  booktitle=neurips,
  year={2016}
}
@inproceedings{kim2017learning,
  title={Learning to guide task and motion planning using score-space representation},
  author={Kim, Beomjoon and Kaelbling, Leslie Pack and Lozano-P{\'e}rez, Tom{\'a}s},
  booktitle=icra,
  year={2017}
}
@inproceedings{Feurer,
author = {Feurer, Matthias and Springenberg, Jost and Hutter, Frank},
title = {Initializing {B}ayesian Hyperparameter Optimization via Meta-Learning},
booktitle=aaai,
year={2015}
}
@inproceedings{yogatama2014efficient,
  title={Efficient transfer learning method for automatic hyperparameter tuning},
  author={Yogatama, Dani and Mann, Gideon},
  booktitle=aistats,
  year={2014}
}
@inproceedings{wang2014theoretical,
  title={Theoretical analysis of {B}ayesian optimisation with unknown {G}aussian process hyper-parameters},
  author={Wang, Ziyu and de Freitas, Nando},
  booktitle={NIPS workshop on {B}ayesian Optimization},
  year={2014}
}
@inproceedings{shilton2017regret,
  title={Regret bounds for transfer learning in {B}ayesian optimisation},
  author={Shilton, Alistair and Gupta, Sunil and Rana, Santu and Venkatesh, Svetha},
  booktitle=aistats,
  year={2017}
}
@inproceedings{poloczek2016warm,
  title={Warm starting {B}ayesian optimization},
  author={Poloczek, Matthias and Wang, Jialei and Frazier, Peter I},
  booktitle={Winter Simulation Conference (WSC)},
  year={2016}
}
@inproceedings{swersky2013multi,
  title={Multi-task {B}ayesian optimization},
  author={Swersky, Kevin and Snoek, Jasper and Adams, Ryan P},
  booktitle=neurips,
  year={2013}
}
@inproceedings{poloczek2017multi,
  title={Multi-information source optimization},
  author={Poloczek, Matthias and Wang, Jialei and Frazier, Peter},
  booktitle=neurips,
  year={2017}
}
@article{feurer2018scalable,
  title={Scalable Meta-Learning for {B}ayesian Optimization},
  author={Feurer, Matthias and Letham, Benjamin and Bakshy, Eytan},
  journal={arXiv preprint arXiv:1802.02219},
  year={2018}
}
@inproceedings{chen2016learning,
  title={Learning to learn without gradient descent by gradient descent},
  author={Chen, Yutian and Hoffman, Matthew W and Colmenarejo, Sergio G{\'o}mez and Denil, Misha and Lillicrap, Timothy P and Botvinick, Matt and de Freitas, Nando},
  booktitle=icml,
  year={2017}
}
@article{hochreiter1997long,
  title={Long short-term memory},
  author={Hochreiter, Sepp and Schmidhuber, J{\"u}rgen},
  journal={Neural computation},
  volume={9},
  number={8},
  pages={1735--1780},
  year={1997},
  publisher={MIT Press}
}
@inproceedings{feurer2015efficient,
  title={Efficient and robust automated machine learning},
  author={Feurer, Matthias and Klein, Aaron and Eggensperger, Katharina and Springenberg, Jost and Blum, Manuel and Hutter, Frank},
  booktitle=neurips,
  year={2015}
}
@inproceedings{brazdil1994characterizing,
  title={Characterizing the applicability of classification algorithms using meta-level learning},
  author={Brazdil, Pavel and Gama, Jo{\=a}o and Henery, Bob},
  booktitle=ecml,
  year={1994}
}
@inproceedings{bardenet2013collaborative,
  title={Collaborative hyperparameter tuning},
  author={Bardenet, R{\'e}mi and Brendel, M{\'a}ty{\'a}s and K{\'e}gl, Bal{\'a}zs and Sebag, Michele},
  booktitle=icml,
  year={2013}
}
@inproceedings{Baxter1996,
author = {Baxter, J},
booktitle = colt,
title = {{A {B}ayesian/information theoretic model of bias learning}},
year = {1996}
}
@techreport{minka1997,
author = {Minka, Thomas P. and Picard, Rosalind W.},
institution = {MIT Media Lab},
title = {Learning how to learn is learning with point sets},
year = {1997}
}
@techreport{UrgenSchmidhuber1995,
author = {{Schmidhuber}, J},
institution = {FKI-198-94 (revised)},
title = {ON LEARNING HOW TO LEARN LEARNING STRATEGIES},
year = {1995}
}
@article{fikes1971strips,
  title={STRIPS: A new approach to the application of theorem proving to problem solving},
  author={Fikes, Richard E and Nilsson, Nils J},
  journal={Artificial intelligence},
  volume={2},
  number={3-4},
  pages={189--208},
  year={1971},
  publisher={Elsevier}
}

@inproceedings{xia2019,
    author = {Victoria Xia and Zi Wang and Kelsey Allen and Tom Silver and Leslie Pack Kaelbling},
    title = {Learning sparse relational transition models},
    booktitle = iclr,
    year = {2019}
}

@article{jones2001taxonomy,
  title={A taxonomy of global optimization methods based on response surfaces},
  author={Jones, Donald R},
  journal={Journal of Global Optimization},
  volume={21},
  number={4},
  pages={345--383},
  year={2001},
  publisher={Springer}
}
@inproceedings{hernandez2017parallel,
  title={Parallel and distributed Thompson sampling for large-scale accelerated exploration of chemical space},
  author={Hern{\'a}ndez-Lobato, Jos{\'e} Miguel and Requeima, James and Pyzer-Knapp, Edward O and Aspuru-Guzik, Al{\'a}n},
  booktitle=icml,
  year={2017}
}
@inproceedings{wang2017maxvalue,
  title={Max-value Entropy Search for Efficient {B}ayesian Optimization},
  author={Wang, Zi and Jegelka, Stefanie},
  booktitle=icml,
  year={2017}
}
@inproceedings{bogunovic2016truncated,
  title={Truncated variance reduction: A unified approach to {B}ayesian optimization and level-set estimation},
  author={Bogunovic, Ilija and Scarlett, Jonathan and Krause, Andreas and Cevher, Volkan},
  booktitle=neurips,
  year={2016}
}
@phdthesis{calandra2017bayesian,
  title={{B}ayesian Modeling for Optimization and Control in Robotics},
  author={Calandra, Roberto},
  year={2017},
  school={Technische Universit{\"a}t}
}
@inproceedings{wang2017batched,
  title={Batched High-dimensional {B}ayesian Optimization via Structural Kernel Learning},
  author={Wang, Zi and Li, Chengtao and Jegelka, Stefanie and Kohli, Pushmeet},
  booktitle=icml,
  year={2017}
}
@inproceedings{brown2020language,
  title={Language models are few-shot learners},
  author={Brown, Tom B and Mann, Benjamin and Ryder, Nick and Subbiah, Melanie and Kaplan, Jared and Dhariwal, Prafulla and Neelakantan, Arvind and Shyam, Pranav and Sastry, Girish and Askell, Amanda and others},
  booktitle=neurips,
  year={2020}
}
@article{griffiths2008modeling,
  title={Modeling human function learning with Gaussian processes},
  author={Griffiths, Thomas and Lucas, Chris and Williams, Joseph and Kalish, Michael},
  journal=neurips,
  year={2008}
}
@inproceedings{schaffer1994conservation,
  title={A conservation law for generalization performance},
  author={Schaffer, Cullen},
  booktitle=icml,
  year={1994}
}
@article{wolpert1997no,
  title={No free lunch theorems for optimization},
  author={Wolpert, David H and Macready, William G},
  journal={IEEE Transactions on Evolutionary Computation},
  volume={1},
  number={1},
  pages={67--82},
  year={1997},
  publisher={IEEE}
}
@article{wilson2015human,
  title={The human kernel},
  author={Wilson, Andrew G and Dann, Christoph and Lucas, Chris and Xing, Eric P},
  journal=neurips,
  year={2015}
}
@book{boyd2004convex,
  title={Convex optimization},
  author={Boyd, Stephen and Vandenberghe, Lieven},
  year={2004},
  publisher={Cambridge university press}
}
@inproceedings{gal2016dropout,
  title={Dropout as a {B}ayesian approximation: Representing model uncertainty in deep learning},
  author={Gal, Yarin and Ghahramani, Zoubin},
  booktitle=icml,
  year={2016}
}
@article{cowen2020empirical,
  title={{HEBO}: Pushing The Limits of Sample-Efficient Hyperparameter Optimisation},
  author={Cowen-Rivers, Alexander I and Lyu, Wenlong and Tutunov, Rasul and Wang, Zhi and Grosnit, Antoine and Griffiths, Ryan Rhys and Maraval, Alexandre Max and Jianye, Hao and Wang, Jun and Peters, Jan and Bou-Ammar, Haitham},
  journal=jair,
  volume={74},
  pages={1269--1349},
  year={2022}
}
@inproceedings{lakshminarayanan2016simple,
  title={Simple and scalable predictive uncertainty estimation using deep ensembles},
  author={Lakshminarayanan, Balaji and Pritzel, Alexander and Blundell, Charles},
  booktitle=neurips,
  year=2017
}
@article{munos2014bandits,
  title={From bandits to Monte-Carlo Tree Search: The optimistic principle applied to optimization and planning},
  author={Munos, R{\'e}mi and others},
  journal={Foundations and Trends{\textregistered} in Machine Learning},
  volume={7},
  number={1},
  pages={1--129},
  year={2014},
  publisher={Now Publishers, Inc.}
}
@article{kawaguchi2016global,
  title={Global continuous optimization with error bound and fast convergence},
  author={Kawaguchi, Kenji and Maruyama, Yu and Zheng, Xiaoyu},
  journal=jair,
  volume={56},
  number={1},
  pages={153--195},
  year={2016},
  publisher={AI Access Foundation}
}
@inproceedings{springenberg2016bayesian,
  title={{B}ayesian optimization with robust {B}ayesian neural networks},
  author={Springenberg, Jost Tobias and Klein, Aaron and Falkner, Stefan and Hutter, Frank},
  booktitle=neurips,
  year={2016}
}
@inproceedings{kawaguchi2015bayesian,
  title={{B}ayesian optimization with exponential convergence},
  author={Kawaguchi, Kenji and Kaelbling, Leslie Pack and Lozano-P{\'e}rez, Tom{\'a}s},
  booktitle=neurips,
  pages={2809--2817},
  year={2015}
}
@book{westervelt2007feedback,
  title={Feedback control of dynamic bipedal robot locomotion},
  author={Westervelt, Eric R and Grizzle, Jessy W and Chevallereau, Christine and Choi, Jun Ho and Morris, Benjamin},
  volume={28},
  year={2007},
  publisher={CRC press}
}
@misc{box2d,
author = "Erin Catto",
title = "{Box2D}, A {2D} Physics Engine for Games",
howpublished={\url{http://box2d.org}},
year = 2011
}
@misc{wolfram,
author = {Weisstein, Eric W.},
title = "Square Root Inequality.",
howpublished={ MathWorld--A Wolfram Web Resource.  \url{http://mathworld.wolfram.com/SquareRootInequality.html}},
year = {1999-2018}
}

@article{von1936distribution,
  title={La distribution de la plus grande de n valeurs},
  author={Von Mises, Richard},
  journal={Rev. math. Union interbalcanique},
  year={1936}
}

@article{vanhatalo2013gpstuff,
  title={GPstuff: {B}ayesian modeling with {G}aussian processes},
  author={Vanhatalo, Jarno and Riihim{\"a}ki, Jaakko and Hartikainen, Jouni and Jyl{\"a}nki, Pasi and Tolvanen, Ville and Vehtari, Aki},
  journal=jmlr,
  volume={14},
  pages={1175--1179},
  year={2013}
}
@InProceedings{hoffmanoutput,
  author = 	 {Hoffman, Matthew W and Ghahramani, Zoubin},
  title = 	 {Output-Space Predictive Entropy Search for Flexible Global Optimization},
  booktitle = {NIPS workshop on {B}ayesian Optimization},
  year = 	 2015}

@inproceedings{kaelbling17icra,
title = {Learning composable models of primitive actions},
author={Kaelbling, Leslie Pack and Lozano-P{\'e}rez, Tom{\'a}s},
booktitle=icra,
year={2017}
}

@article{kaelbling2013integrated,
  title={Integrated task and motion planning in belief space},
  author={Kaelbling, Leslie Pack and Lozano-P{\'e}rez, Tom{\'a}s},
  journal=ijrr,
  volume={32},
  number={9-10},
  pages={1194--1227},
  year={2013},
  publisher={Sage Publications Sage UK: London, England}
}

@inproceedings{garrett2020pddlstream,
  title={{PDDL}stream: Integrating symbolic planners and blackbox samplers via optimistic adaptive planning},
  author={Garrett, Caelan Reed and Lozano-P{\'e}rez, Tom{\'a}s and Kaelbling, Leslie Pack},
  booktitle={International Conference on Automated Planning and Scheduling},
  volume={30},
  pages={440--448},
  year={2020}
}

@inproceedings{garrett2020online,
  title={Online replanning in belief space for partially observable task and motion problems},
  author={Garrett, Caelan Reed and Paxton, Chris and Lozano-P{\'e}rez, Tom{\'a}s and Kaelbling, Leslie Pack and Fox, Dieter},
  booktitle=icra,
  year={2020}
}

@article{sutton2018reinforcement,
  title={Reinforcement learning: An introduction},
  author={Sutton, Richard S},
  journal={A Bradford Book},
  year={2018}
}

@article{kaelbling1996reinforcement,
  title={Reinforcement learning: A survey},
  author={Kaelbling, Leslie Pack and Littman, Michael L and Moore, Andrew W},
  journal=jair,
  volume={4},
  pages={237--285},
  year={1996}
}

@inproceedings{wang17icra,
title = {Focused Model-Learning and Planning for Non-{G}aussian Continuous State-Action Systems},
author={Wang, Zi and Jegelka, Stefanie and Kaelbling, Leslie Pack and Lozano-P{\'e}rez, Tom{\'a}s},
booktitle=icra,
year={2017}
}
@misc{bache2013uci,
  title={{UCI} machine learning repository},
  author={Bache, Kevin and Lichman, Moshe},
  year={2013}
}
@inproceedings{newicml,
  title={To be disclosed upon acceptance},
  author={Anonymous}
}
@inproceedings{rahimi2007random,
  title={Random Features for Large-Scale Kernel Machines},
  author={Rahimi, Ali and Recht, Benjamin and others},
  booktitle=neurips,
  year={2007}
}
@book{fisher1930genetical,
  title={The genetical theory of natural selection: a complete variorum edition},
  author={Fisher, Ronald Aylmer},
  year={1930},
  publisher={Oxford University Press}
}

@inproceedings{duvenaud2011additive,
  title={Additive {G}aussian processes},
  author={Duvenaud, David K and Nickisch, Hannes and Rasmussen, Carl E},
  booktitle=neurips,
  year={2011}
}
@inproceedings{jitkrittum_kernel-based_2015,
 author = {Jitkrittum, Wittawat and Gretton, Arthur and Heess, Nicolas and Eslami, S. M. Ali and Lakshminarayanan, Balaji and Sejdinovic, Dino and Szab\UTF{8D38}, Zolt\UTF{8C29}n},
 booktitle = uai,
 link = {http://arxiv.org/abs/1503.02551},
 title = {Kernel-{Based} {Just}-{In}-{Time} {Learning} for {Passing} {Expectation} {Propagation} {Messages}},
 wj_code = {https://github.com/wittawatj/kernel-ep},
 year = {2015}
}

@article{mercer1909functions,
  title={Functions of positive and negative type, and their connection with the theory of integral equations},
  author={Mercer, James},
  journal={Philosophical transactions of the royal society of London. Series A, containing papers of a mathematical or physical character},
  volume={209},
  pages={415--446},
  year={1909},
  publisher={JSTOR}
}
@book{rudin2011fourier,
  title={Fourier analysis on groups},
  author={Rudin, Walter},
  year={2011},
  publisher={John Wiley \& Sons}
}
@inproceedings{smith2006focused,
  title={Focused real-time dynamic programming for MDPs: Squeezing more out of a heuristic},
  author={Smith, Trey and Simmons, Reid},
  booktitle=aaai,
  year={2006}
}
@Misc{gpy2014,
  author =   {{GPy}},
  title =    {{GPy}: {A {G}aussian} process framework in python},
  howpublished = {\url{http://github.com/SheffieldML/GPy}},
  year = {since 2012}
}
@article{halton1960efficiency,
  title={On the efficiency of certain quasi-random sequences of points in evaluating multi-dimensional integrals},
  author={Halton, John H},
  journal={Numerische Mathematik},
  volume={2},
  number={1},
  pages={84--90},
  year={1960},
  publisher={Springer}
}
@book{lavalle2006planning,
  title={Planning algorithms},
  author={LaValle, Steven M},
  year={2006},
  publisher={Cambridge University Press}
}
@article{gordon1999approximate,
  title={Approximate solutions to {Markov} decision processes},
  author={Gordon, Geoffrey J},
  journal={Robotics Institute},
  pages={228},
  year={1999}
}
@inproceedings{mcmahan2005bounded,
  title={Bounded real-time dynamic programming: {RTDP} with monotone upper bounds and performance guarantees},
  author={McMahan, H Brendan and Likhachev, Maxim and Gordon, Geoffrey J},
  booktitle=icml,
  pages={569--576},
  year={2005},
  organization={ACM}
}
@inproceedings{moldovan2015optimism,
  title={Optimism-driven exploration for nonlinear systems},
  author={Moldovan, Teodor Mihai and Levine, Sergey and Jordan, Michael I and Abbeel, Pieter},
  booktitle=icra,
  pages={3239--3246},
  year={2015},
  organization={IEEE}
}

@inproceedings{titsias2011variational,
  title={Variational heteroscedastic {{G}aussian} process regression},
  author={Titsias, Michalis K and L{\'a}zaro-Gredilla, Miguel},
  booktitle=icml,
  pages={841--848},
  year={2011}
}
@inproceedings{yuan2009variational,
  title={Variational mixture of {{G}aussian} process experts},
  author={Yuan, Chao and Neubauer, Claus},
  booktitle={Advances in Neural Information Processing Systems},
  pages={1897--1904},
  year={2009}
}
@inproceedings{le2005heteroscedastic,
  title={Heteroscedastic {{G}aussian} process regression},
  author={Le, Quoc V and Smola, Alex J and Canu, St{\'e}phane},
  booktitle=icml,
  pages={489--496},
  year={2005},
  organization={ACM}
}
@inproceedings{kersting2007most,
  title={Most likely heteroscedastic {{G}aussian} process regression},
  author={Kersting, Kristian and Plagemann, Christian and Pfaff, Patrick and Burgard, Wolfram},
  booktitle=icml,
  pages={393--400},
  year={2007},
  organization={ACM}
}
@inproceedings{jakab2012reinforcement,
  title={Reinforcement learning with guided policy search using {{G}aussian} processes},
  author={Jakab, Hunor S and Csat{\'o}, Lehel},
  booktitle={International Joint Conference on Neural Networks (IJCNN)},
  pages={1--8},
  year={2012},
  organization={IEEE}
}
@inproceedings{deisenroth2011pilco,
  title={{PILCO}: {A} model-based and data-efficient approach to policy search},
  author={Deisenroth, Marc and Rasmussen, Carl E},
  booktitle=icml,
  pages={465--472},
  year={2011}
}
@inproceedings{weinstein2012bandit,
  title={Bandit-Based Planning and Learning in Continuous-Action {Markov} Decision Processes.},
  author={Weinstein, Ari and Littman, Michael L},
  booktitle={ICAPS},
  year={2012}
}

@article{deisenroth2009gaussian,
  title={{G}aussian process dynamic programming},
  author={Deisenroth, Marc Peter and Rasmussen, Carl Edward and Peters, Jan},
  journal={Neurocomputing},
  volume={72},
  number={7},
  pages={1508--1524},
  year={2009},
  publisher={Elsevier}
}

@inproceedings{deisenroth2008model,
  title={Model-Based Reinforcement Learning with Continuous States and Actions.},
  author={Deisenroth, Marc Peter and Rasmussen, Carl Edward and Peters, Jan},
  booktitle={European Symposium on Artificial Neural Networks, Computational Intelligence and Machine Learning (ESANN)},
  pages={19--24},
  year={2008}
}
@inproceedings{rottmann2009adaptive,
  title={Adaptive autonomous control using online value iteration with {{G}aussian} processes},
  author={Rottmann, Axel and Burgard, Wolfram},
  booktitle=icra,
  pages={2106--2111},
  year={2009},
  organization={IEEE}
}
@inproceedings{yu2016more,
  title={More than a Million Ways to Be Pushed: {A} High-Fidelity Experimental Data Set of Planar Pushing},
  author={Yu, Kuan-Ting and Bauza, Maria and Fazeli, Nima and Rodriguez, Alberto},
  note={arXiv preprint arXiv:1604.04038},
  booktitle={IEEE/RSJ International Conference on Intelligent Robots and Systems},
  year={2016}
}

@article{janson2015deterministic,
  title={Deterministic Sampling-Based Motion Planning: Optimality, Complexity, and Performance},
  author={Janson, Lucas and Ichter, Brian and Pavone, Marco},
  journal={arXiv preprint arXiv:1505.00023},
  year={2015}
}
@article{nguyen2011model,
  title={Model learning for robot control: {A} survey},
  author={Nguyen-Tuong, Duy and Peters, Jan},
  journal={Cognitive processing},
  volume={12},
  number={4},
  pages={319--340},
  year={2011},
  publisher={Springer}
}

@article{turchetta2016safe,
  title={Safe Exploration in Finite {Markov} Decision Processes with {{G}aussian} Processes},
  author={Turchetta, Matteo and Berkenkamp, Felix and Krause, Andreas},
  journal={arXiv preprint arXiv:1606.04753},
  year={2016}
}

@article{ghavamzadeh2015bayesian,
  title={{B}ayesian reinforcement learning: {A} survey},
  author={Ghavamzadeh, Mohammad and Mannor, Shie and Pineau, Joelle and Tamar, Aviv and others},
  year={2015},
  journal={Foundations and Trends in Machine Learning},
  volume = {8},
  number = {5--6},
  pages = {359--483}
}

@article{brochu2010tutorial,
  title={A tutorial on {{B}ayesian} optimization of expensive cost functions, with application to active user modeling and hierarchical reinforcement learning},
  author={Brochu, Eric and Cora, Vlad M and De Freitas, Nando},
  journal={arXiv preprint arXiv:1012.2599},
  year={2010}
}

@inproceedings{wang2018active,
  title={Active model learning and diverse action sampling for task and motion planning},
  author={Wang, Zi and Garrett, Caelan Reed and Kaelbling, Leslie Pack and Lozano-P{\'e}rez, Tom{\'a}s},
  booktitle=iros,
  pages={4107--4114},
  year={2018},
  organization={IEEE}
}

@inproceedings{frean2008using,
  title={Using {{G}aussian} processes to optimize expensive functions},
  author={Frean, Marcus and Boyle, Phillip},
  booktitle={Australasian Joint Conference on Artificial Intelligence},
  pages={258--267},
  year={2008},
  organization={Springer}
}

@article{murray2002nonlinear,
  title={Nonlinear adaptive control using nonparametric {{G}aussian} process prior models},
  author={Murray-Smith, Roderick and Sbarbaro, Daniel},
  journal={IFAC Proceedings Volumes},
  volume={35},
  number={1},
  pages={325--330},
  year={2002},
  publisher={Elsevier}
}
@inproceedings{wang2016est,
    Year = {2016},
    Booktitle = aistats,
    Author = {Wang, Zi and Zhou, Bolei and Jegelka, Stefanie},
    Title = {Optimization as Estimation with {{G}aussian} Processes in Bandit Settings}
}
@article{barto1995learning,
  title={Learning to act using real-time dynamic programming},
  author={Barto, Andrew G and Bradtke, Steven J and Singh, Satinder P},
  journal={Artificial Intelligence},
  volume={72},
  number={1},
  pages={81--138},
  year={1995},
  publisher={Elsevier}
}

@article{lang2010planning,
  title={Planning with noisy probabilistic relational rules},
  author={Lang, Tobias and Toussaint, Marc},
  journal=jair,
  volume={39},
  number={1},
  pages={1--49},
  year={2010}
}

@inproceedings{kopicki2011learning,
  title={Learning to predict how rigid objects behave under simple manipulation},
  author={Kopicki, Marek and Zurek, Sebastian and Stolkin, Rustam and M{\"o}rwald, Thomas and Wyatt, Jeremy},
  booktitle=icra,
  pages={5722--5729},
  year={2011},
  organization={IEEE}
}
@phdthesis{kopicki2010prediction,
  title={Prediction learning in robotic manipulation},
  author={Kopicki, Marek},
  year={2010},
  school={University of Birmingham}
}


@inproceedings{kopicki2009prediction,
  title={Prediction learning in robotic pushing manipulation},
  author={Kopicki, Marek and Wyatt, Jeremy and Stolkin, Rustam},
  booktitle=icra,
  pages={1--6},
  year={2009},
  organization={IEEE}
}
@article{huynh2016incremental,
  title={An incremental sampling-based algorithm for stochastic optimal control},
  author={Huynh, Vu Anh and Karaman, Sertac and Frazzoli, Emilio},
  journal=ijrr,
  volume={35},
  number={4},
  pages={305--333},
  year={2016},
  publisher={SAGE Publications}
}

@article{pasula2007learning,
  title={Learning symbolic models of stochastic domains},
  author={Pasula, Hanna M and Zettlemoyer, Luke S and Kaelbling, Leslie Pack},
  journal=jair,
  pages={309--352},
  year={2007}
}
@article{ross2010computing,
  title={Computing bounds on the expected maximum of correlated normal variables},
  author={Ross, Andrew M},
  journal={Methodology and Computing in Applied Probability},
  volume={12},
  number={1},
  pages={111--138},
  year={2010},
  publisher={Springer}
}
@article{goldberg1997regression,
  title={Regression with input-dependent noise: {A {G}aussian} process treatment},
  author={Goldberg, Paul W and Williams, Christopher KI and Bishop, Christopher M},
  journal=neurips,
  volume={10},
  pages={493--499},
  year={1997}
}

@misc{codegpest,
 author = "Wang, Zi and Zhou, Bolei and Jegelka, Stefanie",
 title = "GP-EST: {A} Unifying Algorithm for GP-UCB and Probability of Improvement",
 year = 2015,
 howpublished = {\url{https://github.com/zi-w/GP-EST}}
}

@inproceedings{kersting2007most,
  title={Most likely heteroscedastic {{G}aussian} process regression},
  author={Kersting, Kristian and Plagemann, Christian and Pfaff, Patrick and Burgard, Wolfram},
  booktitle=icml,
  year={2007}
}
@inproceedings{kawaguchi2015bayesian,
  title={{B}ayesian Optimization with Exponential Convergence},
  author={Kawaguchi, Kenji and Kaelbling, Leslie Pack and Lozano-P{\'e}rez, Tom{\'a}s},
  booktitle=neurips,
  year={2015}
}

@article{fan2022hyperbo,
  title={{HyperBO+: Pre-training a universal hierarchical Gaussian process prior for Bayesian optimization}},
  author={Fan, Zhou and Han, Xinran and Wang, Zi},
  journal={NeurIPS Workshop on Gaussian Processes, Spatiotemporal Modeling, and Decision-making Systems},
  year={2022}
}

@article{fan2023transfer,
  title={Transfer Learning for Bayesian Optimization on Heterogeneous Search Spaces},
  author={Fan, Zhou and Han, Xinran and Wang, Zi},
  journal=tmlr,
  year={2024}
}

@inproceedings{tighineanu2022transfer,
  title={Transfer learning with gaussian processes for bayesian optimization},
  author={Tighineanu, Petru and Skubch, Kathrin and Baireuther, Paul and Reiss, Attila and Berkenkamp, Felix and Vinogradska, Julia},
  booktitle=aistats,
  year={2022}
}

@article{roininen2016hyperpriors,
  title={Hyperpriors for {Mat\'ern} fields with applications in {B}ayesian inversion},
  author={Roininen, Lassi and Girolami, Mark and Lasanen, Sari and Markkanen, Markku},
  journal = {Inverse Problems and Imaging},
  volume = {13},
  number = {1},
  pages = {1-29},
  year = {2019},
}

@article{muller2023pfns,
  title={PFNs Are Flexible Models for Real-World {B}ayesian Optimization},
  author={M{\"u}ller, Samuel and Feurer, Matthias and Hollmann, Noah and Hutter, Frank},
  journal={arXiv preprint arXiv:2305.17535},
  year={2023}
}

@article{tran2022all,
  title={All you need is a good functional prior for {B}ayesian deep learning},
  author={Tran, Ba-Hien and Rossi, Simone and Milios, Dimitrios and Filippone, Maurizio},
  journal=jmlr,
  volume={23},
  number={1},
  pages={3210--3265},
  year={2022},
}

@article{pearce2022bayesian,
  title={Bayesian optimization allowing for common random numbers},
  author={Pearce, Michael Arthur Leopold and Poloczek, Matthias and Branke, Juergen},
  journal={Operations Research},
  volume={70},
  number={6},
  pages={3457--3472},
  year={2022},
  publisher={INFORMS}
}
@article{gu2018robust,
  title={Robust {G}aussian stochastic process emulation},
  author={Gu, Mengyang and Wang, Xiaojing and Berger, James O},
  journal={The Annals of Statistics},
  volume={46},
  number={6A},
  pages={3038--3066},
  year={2018},
  publisher={JSTOR}
}
@inproceedings{zhang2019algorithmic,
  title={Which algorithmic choices matter at which batch sizes? insights from a noisy quadratic model},
  author={Zhang, Guodong and Li, Lala and Nado, Zachary and Martens, James and Sachdeva, Sushant and Dahl, George and Shallue, Chris and Grosse, Roger B},
  booktitle=neurips,
  year={2019}
}
@article{choi2019empirical,
  title={On empirical comparisons of optimizers for deep learning},
  author={Choi, Dami and Shallue, Christopher J and Nado, Zachary and Lee, Jaehoon and Maddison, Chris J and Dahl, George E},
  journal={	arXiv:1910.05446 [cs.LG]},
  year={2019}
}
@book{sammut2011encyclopedia,
  title={Encyclopedia of machine learning},
  author={Sammut, Claude and Webb, Geoffrey I},
  year={2011},
  publisher={Springer Science \& Business Media}
}
@article{chen2012joint,
  title={Joint optimization and variable selection of high-dimensional {{G}aussian} processes},
  author={Chen, Bo and Castro, Rui and Krause, Andreas},
  journal={arXiv preprint arXiv:1206.6396},
  year={2012}
}
@article{kolda2003optimization,
  title={Optimization by direct search: New perspectives on some classical and modern methods},
  author={Kolda, Tamara G and Lewis, Robert Michael and Torczon, Virginia},
  journal={SIAM review},
  volume={45},
  number={3},
  pages={385--482},
  year={2003},
  publisher={SIAM}
}
@article{audet2002analysis,
  title={Analysis of generalized pattern searches},
  author={Audet, Charles and Dennis Jr, John E},
  journal={SIAM Journal on Optimization},
  volume={13},
  number={3},
  pages={889--903},
  year={2002},
  publisher={SIAM}
}
@article{lagarias1998convergence,
  title={Convergence properties of the {N}elder--{M}ead simplex method in low dimensions},
  author={Lagarias, Jeffrey C and Reeds, James A and Wright, Margaret H and Wright, Paul E},
  journal={SIAM Journal on Optimization},
  volume={9},
  number={1},
  pages={112--147},
  year={1998},
  publisher={SIAM}
}
@article{jones1993lipschitzian,
  title={Lipschitzian optimization without the {L}ipschitz constant},
  author={Jones, Donald R and Perttunen, Cary D and Stuckman, Bruce E},
  journal={Journal of Optimization Theory and Applications},
  volume={79},
  number={1},
  pages={157--181},
  year={1993},
  publisher={Springer}
}
@book{massart2007concentration,
  title={Concentration Inequalities and Model Selection},
  author={Massart, Pascal},
  volume={6},
  year={2007},
  publisher={Springer}
}
@article{slepian1962one,
  title={The one-sided barrier problem for {G}aussian noise},
  author={Slepian, David},
  journal={Bell System Technical Journal},
  volume={41},
  number={2},
  pages={463--501},
  year={1962},
  publisher={Wiley Online Library}
}
@inproceedings{kandasamy2015high,
  title={High dimensional {B}ayesian optimisation and bandits via additive models},
  author={Kandasamy, Kirthevasan and Schneider, Jeff and Poczos, Barnabas},
  booktitle=icml,
  year={2015}
}
@inproceedings{hernandez2014predictive,
  title={Predictive entropy search for efficient global optimization of black-box functions},
  author={Hern{\'a}ndez-Lobato, Jos{\'e} Miguel and Hoffman, Matthew W and Ghahramani, Zoubin},
  booktitle=neurips,
  year={2014}
}
@book{tedrake14,
author = {Tedrake, Russ},
title = {Underactuated Robotics: Algorithms for Walking, Running, Swimming, Flying, and Manipulation (Course Notes for MIT 6.832)},
note = {Downloaded in Fall, 2014 from \url{http://people.csail.mit.edu/russt/underactuated/}}
}
@inproceedings{schulman2013finding,
  title={Finding locally optimal, collision-free trajectories with sequential convex optimization.},
  author={Schulman, John and Ho, Jonathan and Lee, Alex and Awwal, Ibrahim and Bradlow, Henry and Abbeel, Pieter},
  booktitle=rss, 
  volume={9},
  pages={1--10},
  year={2013}
}
@misc{cvx,
  author       = {Michael Grant and Stephen Boyd},
  title        = {{CVX}: Matlab Software for Disciplined Convex Programming, version 2.1},
  howpublished = {\url{http://cvxr.com/cvx}},
  month        = mar,
  year         = 2014
}
@incollection{gb08,
  author    = {Michael Grant and Stephen Boyd},
  title     = {Graph implementations for nonsmooth convex programs},
  booktitle = {Recent Advances in Learning and Control},
  series    = {Lecture Notes in Control and Information Sciences},
  editor    = {V. Blondel and S. Boyd and H. Kimura},
  publisher = {Springer-Verlag Limited},
  pages     = {95--110},
  year      = 2008,
  note      = {\url{http://stanford.edu/~boyd/graph_dcp.html}}
}
@manual{mosek,
   author = "MOSEK ApS",
   title = "The MOSEK Optimization Toolbox for MATLAB Manual. Version 7.1 (Revision 28).",
   year = 2015,
   url = "http://docs.mosek.com/7.1/toolbox/index.html"
 }
@misc{gurobi,
   author = "Gurobi Optimization, Inc.",
   title = "Gurobi Optimizer Reference Manual",
   year = 2015,
   url = "http://www.gurobi.com"
 }
@book{rasmussen2006gaussian,
  title={{G}aussian processes for machine learning},
  author={Rasmussen, Carl Edward and Williams, Christopher K.I.},
  year={2006},
  publisher={The MIT Press}
}
@article{auer2002finite,
  title={Finite-time analysis of the multiarmed bandit problem},
  author={Auer, Peter and Cesa-Bianchi, Nicolo and Fischer, Paul},
  journal={Machine learning},
  volume={47}, 
  number={2-3},
  pages={235--256},
  year={2002},
  publisher={Springer}
}
@inproceedings{calandra2014experimental,
  title={An experimental comparison of {B}ayesian optimization for bipedal locomotion},
  author={Calandra, Roberto and Seyfarth, Andr{\'e} and Peters, Jan and Deisenroth, Marc Peter},
  booktitle=icra,
  year={2014}
}


@inproceedings{zhou2014learning,
  title={Learning deep features for scene recognition using places database},
  author={Zhou, Bolei and Lapedriza, Agata and Xiao, Jianxiong and Torralba, Antonio and Oliva, Aude},
  booktitle=neurips,
  year={2014}
}
@article{gill2002snopt,
  title={{SNOPT}: An {SQP} algorithm for large-scale constrained optimization},
  author={Gill, Philip E and Murray, Walter and Saunders, Michael A},
  journal={SIAM Journal on Optimization},
  volume={12},
  number={4},
  pages={979--1006},
  year={2002},
  publisher={SIAM}
}
@misc{drake,
 author = "Russ Tedrake",
 title = "Drake: A planning, control, and analysis toolbox for nonlinear dynamical systems",
 year = 2014,
 howpublished = {\url{http://drake.mit.edu}}
}

@inproceedings{bubeck2009pure,
  title={Pure exploration in multi-armed bandits problems},
  author={Bubeck, S{\'e}bastien and Munos, R{\'e}mi and Stoltz, Gilles},
  booktitle={Algorithmic Learning Theory},
  pages={23--37},
  year={2009},
  organization={Springer}
}
@inproceedings{grunewalder2010regret,
  title={Regret bounds for {G}aussian process bandit problems},
  author={Gr{\"u}new{\"a}lder, Steffen and Audibert, Jean-Yves and Opper, Manfred and Shawe-Taylor, John},
  booktitle=aistats,
  year={2010}
}
@techreport{ross2003useful,
  title={Useful Bounds on the Expected Maximum of Correlated Normal Variables},
  author={Ross, Andrew M},
  year={2003},
  institution={Technical Report 03W-004, ISE Dept., Lehigh Univ., Aug}
}

@inproceedings{wang2013bayesian,
  title={{B}ayesian optimization in high dimensions via random embeddings},
  author={Wang, Ziyu and Zoghi, Masrour and Hutter, Frank and Matheson, David and De Freitas, Nando},
  booktitle=aaai,
  year={2013},
  organization={AAAI Press}
}
@article{wang2014bayesian,
  title={{B}ayesian multi-scale optimistic optimization},
  author={Wang, Ziyu and Shakibi, Babak and Jin, Lin and de Freitas, Nando},
  journal=aistats,
  year={2014}
}
@inproceedings{krause2010budgeted,
  title={Budgeted nonparametric learning from data streams},
  author={Krause, Andreas and Gomes, Ryan G},
  booktitle=icml,
  pages={391--398},
  year={2010}
}
@inproceedings{yue2011linear,
  title={Linear submodular bandits and their application to diversified retrieval},
  author={Yue, Yisong and Guestrin, Carlos},
  booktitle=neurips,
  pages={2483--2491},
  year={2011}
}
@inproceedings{azar2011ranking,
  title={Ranking with submodular valuations},
  author={Azar, Yossi and Gamzu, Iftah},
  booktitle={ACM-SIAM symposium on Discrete Algorithms},
  pages={1070--1079},
  year={2011},
  organization={SIAM}
}
@inproceedings{couetoux2011crave,
  title={Continuous rapid action value estimates},
  author={Couetoux, Adrien and Milone, Mario and Brendel, Matyas and Doghmen, Hassen and Sebag, Michele and Teytaud, Olivier},
  booktitle={ACML},
  volume={20},
  pages={19--31},
  year={2011},
  organization=jmlr
}
@inproceedings{gelly2007combining,
  title={Combining online and offline knowledge in UCT},
  author={Gelly, Sylvain and Silver, David},
  booktitle=icml,
  pages={273--280},
  year={2007},
  organization={ACM}
}
@incollection{kocsis2006bandit,
  title={Bandit based {M}onte-{C}arlo planning},
  author={Kocsis, Levente and Szepesv{\'a}ri, Csaba},
  booktitle=ecml,
  pages={282--293},
  year={2006},
  publisher={Springer}
}
@incollection{couetoux2011continuous,
  title={Continuous upper confidence trees},
  author={Cou{\"e}toux, Adrien and Hoock, Jean-Baptiste and Sokolovska, Nataliya and Teytaud, Olivier and Bonnard, Nicolas},
  booktitle={Learning and Intelligent Optimization},
  pages={433--445},
  year={2011},
  publisher={Springer}
}
@inproceedings{krause2011contextual,
  title={Contextual {G}aussian process bandit optimization},
  author={Krause, Andreas and Ong, Cheng S},
  booktitle=neurips,
  year={2011}
}
@inproceedings{djolonga2013high,
  title={High-dimensional {G}aussian process bandits},
  author={Djolonga, Josip and Krause, Andreas and Cevher, Volkan},
  booktitle=neurips,
  year={2013}
}

@InProceedings{srinivas2009gaussian,
  author = 	 {Srinivas, Niranjan and Krause, Andreas and Kakade, Sham M and Seeger, Matthias},
  title = 	 {{G}aussian process optimization in the bandit setting: No regret and experimental design},
  booktitle = icml,
  year = 	 2010}

@inproceedings{affandi2013approximate,
  title={Approximate inference in continuous determinantal processes},
  author={Affandi, Raja Hafiz and Fox, Emily and Taskar, Ben},
  booktitle=neurips,
  year={2013}
}
@article{jiang2012learning,
  title={Learning to place new objects in a scene},
  author={Jiang, Yun and Lim, Marcus and Zheng, Changxi and Saxena, Ashutosh},
  journal=ijrr,
  year={2012},
  publisher={SAGE Publications}
}
@article{Dey,
  title={Contextual sequence prediction with application to control library optimization},
  author={Dey, Debadeepta and Liu, Tian Yu and Hebert, Martial and Bagnell, J Andrew},
  journal={Robotics},
  pages={49},
  year={2013},
  publisher={MIT Press}
}
@inproceedings{Krause2007,
author = {Krause, Andreas and Guestrin, Carlos},
booktitle = {AAAI},
title = {{Near-optimal observation selection using submodular functions}},
year = {2007}
}
@inproceedings{Ratliff2009,
author = {Ratliff, Nathan and Zucker, Matt and Bagnell, J. Andrew and Srinivasa, Siddhartha},
booktitle = icra,
title = {{CHOMP: Gradient optimization techniques for efficient motion planning}},
year = {2009}
}
@inproceedings{Ross2013,
author = {Ross, Stephane and Zhou, J and Yue, Y and Dey, D and Bagnell, JA},
booktitle = icml,
title = {{Learning policies for contextual submodular prediction}},
year = {2013}
}
@inproceedings{Stolle,
  title={Policies based on trajectory libraries},
  author={Stolle, Martin and Atkeson, Christopher G},
  booktitle=icra,
  year={2006},
  organization={IEEE}
}
@inproceedings{Song2014,
author = {Song, HO and Girshick, Ross},
file = {:Users/Zi/Dropbox (MIT)/Mendeley/slsvm.pdf:pdf},
booktitle = icml,
title = {{On learning to localize objects with minimal supervision}},
url = {http://hal.archives-ouvertes.fr/hal-00996849/},
year = {2014}
}
@inproceedings{lin2011class,
  title={A class of submodular functions for document summarization},
  author={Lin, Hui and Bilmes, Jeff},
  booktitle={ACL},
  year={2011},
  organization={Association for Computational Linguistics}
}
@inproceedings{Yue2008,
author = {Yue, Yisong and Joachims, Thorsten},
booktitle = icml,
publisher = {ACM Press},
title = {{Predicting diverse subsets using structural SVMs}},
year = {2008}
}
@inproceedings{Blaschko2008,
author = {Blaschko, MB and Lampert, CH},
booktitle = eccv,
title = {{Learning to localize objects with structured output regression}},
year = {2008}
}
@article{nado-2021,
  author    = {Zachary Nado and
               Justin Gilmer and
               Christopher J. Shallue and
               Rohan Anil and
               George E. Dahl},
  title     = {A Large Batch Optimizer Reality Check: Traditional, Generic Optimizers
               Suffice Across Batch Sizes},
  journal   = {CoRR},
  volume    = {abs/2102.06356},
  year      = {2021},
  url       = {https://arxiv.org/abs/2102.06356},
  eprinttype = {arXiv},
  eprint    = {2102.06356},
}
@article{Delong2012,
author = {Delong, Andrew and Osokin, A and Isack, HN and Boykov, Y},
journal = ijcv,
title = {{Fast approximate energy minimization with label costs}},
year = {2012}
}
@article{Turner2021,
  title={{B}ayesian Optimization is Superior to Random Search for Machine Learning Hyperparameter Tuning: Analysis of the Black-Box Optimization Challenge 2020},
  author={Ryan Turner and David Eriksson and M. McCourt and Juha Kiili and Eero Laaksonen and Zhen Xu and I. Guyon},
  journal={ArXiv},
  year={2021},
  volume={abs/2104.10201}
}
@inproceedings{Bach2013,
author = {Bach, Francis},
booktitle = {Foundations and Trends\UTF{5E90} in Machine Learning},
title = {{Learning with Submodular Functions: A Convex Optimization Perspective}},
year = {2013}
}
@inproceedings{Lampert2008,
author = {Lampert, Christoph H. and Blaschko, Matthew B. and Hofmann, Thomas},
booktitle = cvpr,
title = {{Beyond sliding windows: Object localization by efficient subwindow search}},
year = {2008}
}
@inproceedings{prasad2014submodular,
  title={Submodular meets Structured: Finding Diverse Subsets in Exponentially-Large Structured Item Sets},
  author={Prasad, Adarsh and Jegelka, Stefanie and Batra, Dhruv},
  booktitle=neurips,
  year={2014}
}
@inproceedings{Blaschko2008a,
author = {Blaschko, MB and Lampert, Christopher},
booktitle = eccv,
title = {{Learning to localize objects with structured output regression}},
year = {2008}
}
@inproceedings{tsochantaridis2004support,
  title={Support vector machine learning for interdependent and structured output spaces},
  author={Tsochantaridis, Ioannis and Hofmann, Thomas and Joachims, Thorsten and Altun, Yasemin},
  booktitle=icml,
  year={2004},
  organization={ACM}
}

@inproceedings{lizotte2007,
  author = 	 {Lizotte, Daniel J and Wang, Tao and Bowling, Michael H and Schuurmans, Dale},
  title = 	 {Automatic gait optimization with {G}aussian process regression},
  booktitle = ijcai,
  year = 	 2007}

@inproceedings{bergstra2011,
 author = {Bergstra, James and Bardenet, R\'{e}mi and Bengio, Yoshua and K\'{e}gl, Bal\'{a}zs},
 booktitle = {Advances in Neural Information Processing Systems},
 editor = {J. Shawe-Taylor and R. Zemel and P. Bartlett and F. Pereira and K. Q. Weinberger},
 title = {Algorithms for Hyper-Parameter Optimization},
 year = {2011}
}

@article{bergstra2012,
  author = 	 {J. Bergstra and Y. Bengio},
  title = 	 {Random search for hyper-parameter optimization},
  journal = 	 jmlr,
  year = 	 2012,
  volume = 	 13,
  pages = 	 {281--305}}

@article{bull2011,
  author = 	 {Bull, Adam D},
  title = 	 {Convergence rates of efficient global optimization algorithms},
  journal = 	 jmlr,
  year = 	 2011,
  volume = 	 12,
  pages = 	 {2879--2904}}

@inproceedings{mockus1974,
  author = 	 {J. Mo{\u{c}}kus},
  title = 	 {On {B}ayesian methods for seeking the extremum},
  booktitle = {Optimization Techniques IFIP Technical Conference},
  year = 	 1974}

@article{hennig2012,
  author = 	 {Hennig, Philipp and Schuler, Christian J},
  title = 	 {Entropy Search for Information-Efficient Global Optimization},
  journal = 	 jmlr,
  year = 	 2012,
  volume = 	 13,
  pages = 	 {1809--1837}}

@article{lizotte2012,
  author = 	 {Lizotte, Daniel J and Greiner, Russell and Schuurmans, Dale},
  title = 	 {An experimental methodology for response surface optimization methods},
  journal = 	 {Journal of Global Optimization},
  year = 	 2012,
  volume = 	 53,
  number = 	 4,
  pages = 	 {699--736}}


@article{kushner1964,
  title={A new method of locating the maximum point of an arbitrary multipeak curve in the presence of noise},
  author={Kushner, Harold J},
  journal={Journal of Fluids Engineering},
  volume={86},
  number={1},
  pages={97--106},
  year={1964},
  publisher={American Society of Mechanical Engineers}
}
@TechReport{brochu2009,
  author = 	 {Brochu, Eric and Cora, Vlad M and De Freitas, Nando},
  title = 	 {A Tutorial on {B}ayesian Optimization of Expensive Cost Functions, with Application to Active User Modeling and Hierarchical Reinforcement Learning},
  institution =  {University of British Columbia},
  year = 	 2009,
  number = 	 {TR-2009-023}}


@Article{auer2002b,
  author = 	 {Auer, Peter},
  title = 	 {Using confidence bounds for exploitation-exploration tradeoffs},
  journal = 	 jmlr,
  year = 	 2002,
  volume = 	 3,
  pages = 	 {397--422}}

@InProceedings{thornton13,
  author = 	 {Thornton, Chris and Hutter, Frank and Hoos, Holger H and Leyton-Brown, Kevin},
  title = 	 {Auto-{WEKA}: combined selection and hyperparameter optimization of classification algorithms},
  booktitle = kdd,
  year = 	 2013}
@inproceedings{li2016high,
  title={High Dimensional {B}ayesian Optimization via Restricted Projection Pursuit Models},
  author={Li, Chun-Liang and Kandasamy, Kirthevasan and P{\'o}czos, Barnab{\'a}s and Schneider, Jeff},
  booktitle=aistats,
  year={2016}
}
@InProceedings{wang2013,
  author = 	 {Wang, Ziyu and Zoghi, Masrour and Hutter, Frank and Matheson, David and De Freitas, Nando},
  title = 	 {{B}ayesian optimization in high dimensions via random embeddings},
  booktitle = ijcai,
  year = 	 2013}

@inproceedings{xiao2010sun,
  title={SUN database: large-scale scene recognition from abbey to zoo},
  author={Xiao, Jianxiong and Hays, James and Ehinger, Krista A and Oliva, Aude and Torralba, Antonio},
  booktitle=cvpr,
  year={2010}
}

@inproceedings{quattoni2009recognizing,
  title={Recognizing indoor scenes},
  author={Quattoni, A and Torralba, A},
  booktitle=cvpr,
  year={2009}
}

@article{fei2007learning,
  title={Learning generative visual models from few training examples: An incremental {B}ayesian approach tested on 101 object categories},
  author={Fei-Fei, Li and Fergus, Rob and Perona, Pietro},
  journal={Computer Vision and Image Understanding},
  year={2007}
}

@inproceedings{yao2011human,
  title={Human action recognition by learning bases of action attributes and parts},
  author={Yao, Bangpeng and Jiang, Xiaoye and Khosla, Aditya and Lin, Andy Lai and Guibas, Leonidas and Fei-Fei, Li},
  booktitle=iccv,
  year={2011}
}

@TechReport{griffin2007caltech,
  title={Caltech-256 object category dataset},
  author={Griffin, Gregory and Holub, Alex and Perona, Pietro},
  year={2007},
  institution={California Institute of Technology},
  number =   {7694}
}


@inproceedings{li2007and,
  title={What, where and who? classifying events by scene and object recognition},
  author={Li, Li-Jia and Fei-Fei, Li},
  booktitle=iccv,
  year={2007}
}


@InProceedings{razavian2014cnn,
  author = 	 {Razavian, Ali Sharif and Azizpour, Hossein and Sullivan, Josephine and Carlsson, Stefan},
  title = 	 {{CNN} features off-the-shelf: an astounding baseline for recognition},
  booktitle = cvpr,
  year = 	 2014
  }

@misc{Jia13caffe,
   Author = {Yangqing Jia},
   Title = { {Caffe}: An Open Source Convolutional Architecture for Fast Feature Embedding},
   Year  = {2013},
   Howpublished = {\url{http://caffe.berkeleyvision.org/}}
   }

@article{Gullapalli94,
author = {V. Gullapalli and J. A. Franklin and H. Benbrahim},
title = {Acquiring robot skills via reinforcement learning},
year = {1994},
journal = {IEEE Control Systems},
volume = {14},
number = {1},
pages = {13--24}}

@article{Prokhorov97,
author = {D. V. Prokhorov and D. C. Wunsch},
title = {Adaptive critic designs},
year = {1997},
journal = {IEEE Transactions on Neural Networks},
volume = {8},
number = {5},
pages = {997--1007}}

@inproceedings{vanHasselt07,
author = {Hado {van Hasselt} and Marco A. Wiering},
title = {Reinforcement Learning in Continuous Action Spaces},
booktitle = {Proceedings of the IEEE Symposium on Approximate Dynamic
                  Programming and Reinforcement Learning},
year = {2007}}

@inproceedings{Nichols15,
author = {Barry D. Nichols},
title = {Continuous action-space reinforcement learning methods applied to the minimum-time swing-up of the acrobot},
booktitle = {IEEE International Conference on Systems, Man, and Cybernetics},
year = {2015}}

@techreport{Baird93,
title = {Reinforcement Learning with High-Dimensional Continuous Actions},
author = {Baird, III, Leemon C. and A. Harry Klopf},
year = 1993,
institution = {Wright Laboratory},
address = {Wright Patterson Air Force Base},
url = {http://leemon.com/papers/1993bk3.pdf}}

@inproceedings{Alterovitz07,
title = {The Stochastic Motion Roadmap: {A} Sampling Framework for Planning with Markov Motion Uncertainty},
author = {Ron Alterovitz and Thierry Sim\'eon and Ken Goldberg},
booktitle = {Robotics: Science and Systems III},
year = {200}}


		  
@Book{neal96,
  author = 	 {R.M. Neal},
  title = 	 {{B}ayesian Learning for Neural Networks},
  publisher = 	 {Springer},
  year = 	 1996,
  series = 	 {Lecture Notes in Statistics 118}}

@inproceedings{liu2020simple,
  title={Simple and principled uncertainty estimation with deterministic deep learning via distance awareness},
  author={Liu, Jeremiah Zhe and Lin, Zi and Padhy, Shreyas and Tran, Dustin and Bedrax-Weiss, Tania and Lakshminarayanan, Balaji},
  booktitle=neurips,
  year={2020}
}
@inproceedings{havasi2020training,
  title={Training independent subnetworks for robust prediction},
  author={Havasi, Marton and Jenatton, Rodolphe and Fort, Stanislav and Liu, Jeremiah Zhe and Snoek, Jasper and Lakshminarayanan, Balaji and Dai, Andrew M and Tran, Dustin},
  booktitle=iclr,
  year={2021}
}


@inproceedings{sutskever2013importance,
  title={On the importance of initialization and momentum in deep learning},
  author={Sutskever, Ilya and Martens, James and Dahl, George and Hinton, Geoffrey},
  booktitle=icml,
  year={2013}
}

@article{shallue2019measuring,
  title={Measuring the Effects of Data Parallelism on Neural Network Training},
  author={Shallue, Christopher J and Lee, Jaehoon and Antognini, Joseph and Sohl-Dickstein, Jascha and Frostig, Roy and Dahl, George E},
  journal=jmlr,
  volume={20},
  number={112},
  pages={1--49},
  year={2019}
}


@InProceedings{pmlr-v119-sivaprasad20a,
  title = 	 {Optimizer Benchmarking Needs to Account for Hyperparameter Tuning},
  author =       {Sivaprasad, Prabhu Teja and Mai, Florian and Vogels, Thijs and Jaggi, Martin and Fleuret, Fran{\c{c}}ois},
  booktitle = 	 icml,
  pages = 	 {9036--9045},
  year = 	 {2020},
  editor = 	 {Hal Daumé III and Aarti Singh},
  volume = 	 {119},
  series = 	 {Proceedings of Machine Learning Research},
  month = 	 {13--18 Jul},
  publisher =    {PMLR},
  pdf = 	 {http://proceedings.mlr.press/v119/sivaprasad20a/sivaprasad20a.pdf},
  url = 	 {
http://proceedings.mlr.press/v119/sivaprasad20a.html
},
  abstract = 	 {The performance of optimizers, particularly in deep learning, depends considerably on their chosen hyperparameter configuration. The efficacy of optimizers is often studied under near-optimal problem-specific hyperparameters, and finding these settings may be prohibitively costly for practitioners. In this work, we argue that a fair assessment of optimizers’ performance must take the computational cost of hyperparameter tuning into account, i.e., how easy it is to find good hyperparameter configurations using an automatic hyperparameter search. Evaluating a variety of optimizers on an extensive set of standard datasets and architectures, our results indicate that Adam is the most practical solution, particularly in low-budget scenarios.}
}

@article{NadoEtAl2021_largeBatchReality,
  author    = {Zachary Nado and
               Justin Gilmer and
               Christopher J. Shallue and
               Rohan Anil and
               George E. Dahl},
  title     = {A Large Batch Optimizer Reality Check: Traditional, Generic Optimizers
               Suffice Across Batch Sizes},
  journal   = {CoRR},
  volume    = {abs/2102.06356},
  year      = {2021},
  url       = {https://arxiv.org/abs/2102.06356},
  archivePrefix = {arXiv},
  eprint    = {2102.06356},
  timestamp = {Thu, 18 Feb 2021 15:26:00 +0100},
  biburl    = {https://dblp.org/rec/journals/corr/abs-2102-06356.bib},
  bibsource = {dblp computer science bibliography, https://dblp.org}
}

@TECHREPORT{Krizhevsky09learningmultiple,
    author = {Alex Krizhevsky},
    title = {Learning multiple layers of features from tiny images},
    institution = {University of Toronto},
    year = {2009}
}
@article{saltenis1971method,
  title={On a method of multi-extremal optimization},
  author={{\u{S}}altenis, V},
  journal={Automatics and Computers (Avtomatika i Vychislitelnayya Tekchnika)},
  volume={3},
  pages={33--38},
  year={1971}
}

@article{kushner1962versatile,
  title={A versatile stochastic model of a function of unknown and time varying form},
  author={Kushner, Harold J},
  journal={Journal of Mathematical Analysis and Applications},
  volume={5},
  number={1},
  pages={150--167},
  year={1962},
  publisher={Elsevier}
}

@article{imagenet,
  Author = {Olga Russakovsky and Jia Deng and Hao Su and Jonathan Krause and Sanjeev Satheesh and Sean Ma and Zhiheng Huang and Andrej Karpathy and Aditya Khosla and Michael Bernstein and Alexander C. Berg and Li Fei-Fei},
  Title = {{ImageNet} Large Scale Visual Recognition Challenge},
  Year = {2015},
  journal = ijcv,
  volume = {115},
  number = {3},
  pages = {211-252}
}

@article{hansen2021coco,
  title={{COCO}: A platform for comparing continuous optimizers in a black-box setting},
  author={Hansen, Nikolaus and Auger, Anne and Ros, Raymond and Mersmann, Olaf and Tu{\v{s}}ar, Tea and Brockhoff, Dimo},
  journal={Optimization Methods and Software},
  volume={36},
  number={1},
  pages={114--144},
  year={2021},
  publisher={Taylor \& Francis}
}

@techreport{cifarKrizhevsky09learningmultiple,
    author = {Alex Krizhevsky},
    title = {Learning multiple layers of features from tiny images},
    institution = {University of Toronto},
    year = {2009}
}

@article{fashionMNIST,
  author       = {Han Xiao and Kashif Rasul and Roland Vollgraf},
  title        = {Fashion-{MNIST}: a Novel Image Dataset for Benchmarking Machine Learning Algorithms},
  date         = {2017-08-28},
  year         = {2017},
  journal   = {CoRR},
  volume    = {cs.LG/1708.07747},
  url       = {http://arxiv.org/abs/1708.07747},
  primaryClass  = {cs.LG},
}

@inproceedings{svhnNetzerEtAl2011,
  author = {Netzer, Yuval and Wang, Tao and Coates, Adam and Bissacco, Alessandro and Wu, Bo and Ng, Andrew Y.},
  title = {Reading Digits in Natural Images with Unsupervised Feature Learning},
  booktitle = {NIPS Workshop on Deep Learning and Unsupervised Feature Learning},
  url = {http://ufldl.stanford.edu/housenumbers/nips2011_housenumbers.pdf},
  year = {2011},
}

@article{cobbe2021gsm8k,
  title={Training Verifiers to Solve Math Word Problems},
  author={Cobbe, Karl and Kosaraju, Vineet and Bavarian, Mohammad and Chen, Mark and Jun, Heewoo and Kaiser, Lukasz and Plappert, Matthias and Tworek, Jerry and Hilton, Jacob and Nakano, Reiichiro and Hesse, Christopher and Schulman, John},
  journal={arXiv preprint arXiv:2110.14168},
  year={2021}
}

@article{lm1b,
  author    = {Ciprian Chelba and
               Tomas Mikolov and
               Mike Schuster and
               Qi Ge and
               Thorsten Brants and
               Phillipp Koehn},
  title     = {One Billion Word Benchmark for Measuring Progress in Statistical Language
               Modeling},
  journal   = {CoRR},
  volume    = {abs/1312.3005},
  year      = {2013},
  url       = {http://arxiv.org/abs/1312.3005},
  archivePrefix = {arXiv},
  eprint    = {1312.3005},
}


@article{uniref50bio,
    author = {Suzek, Baris E. and Wang, Yuqi and Huang, Hongzhan and McGarvey, Peter B. and Wu, Cathy H. and the UniProt Consortium},
    title = {{UniRef} clusters: a comprehensive and scalable alternative for improving sequence similarity searches},
    journal = {Bioinformatics},
    volume = {31},
    number = {6},
    pages = {926-932},
    year = {2014},
    month = {11},
    issn = {1367-4803},
    doi = {10.1093/bioinformatics/btu739},
    url = {https://doi.org/10.1093/bioinformatics/btu739},
    eprint = {https://academic.oup.com/bioinformatics/article-pdf/31/6/926/569379/btu739.pdf},
}

@article {uniref50ml,
	author = {Rives, Alexander and Meier, Joshua and Sercu, Tom and Goyal, Siddharth and Lin, Zeming and Liu, Jason and Guo, Demi and Ott, Myle and Zitnick, C. Lawrence and Ma, Jerry and Fergus, Rob},
	title = {Biological structure and function emerge from scaling unsupervised learning to 250 million protein sequences},
	elocation-id = {622803},
	year = {2020},
	doi = {10.1101/622803},
	publisher = {Cold Spring Harbor Laboratory},
	URL = {https://www.biorxiv.org/content/early/2020/12/15/622803},
	eprint = {https://www.biorxiv.org/content/early/2020/12/15/622803.full.pdf},
	journal = {bioRxiv}
}

@misc{init2winit2021github,
  author = {Justin M. Gilmer and George E. Dahl and Zachary Nado},
  title = {{init2winit}: a {JAX} codebase for initialization, optimization, and tuning research},
  url = {http://github.com/google/init2winit},
  version = {0.0.1},
  year = {2021},
}

@misc{anonCode,
  author = {Anne Onomous},
  title = {Anonymized},
  url = {http://github.com/ANONYMOUS},
  version = {0.0.1},
  year = {2021},
}

@inproceedings{snoek2015scalable,
  title={Scalable {B}ayesian optimization using deep neural networks},
  author={Snoek, Jasper and Rippel, Oren and Swersky, Kevin and Kiros, Ryan and Satish, Nadathur and Sundaram, Narayanan and Patwary, Mostofa and Prabhat, Mr and Adams, Ryan},
  booktitle=icml,
  year={2015}
}

@misc{handa2024bayesianpreferenceelicitationlanguage,
      title={Bayesian Preference Elicitation with Language Models}, 
      author={Kunal Handa and Yarin Gal and Ellie Pavlick and Noah Goodman and Jacob Andreas and Alex Tamkin and Belinda Z. Li},
      year={2024},
      eprint={2403.05534},
      archivePrefix={arXiv},
      primaryClass={cs.CL},
      url={https://arxiv.org/abs/2403.05534}, 
}

@misc{li2023elicitinghumanpreferenceslanguage,
      title={Eliciting Human Preferences with Language Models}, 
      author={Belinda Z. Li and Alex Tamkin and Noah Goodman and Jacob Andreas},
      year={2023},
      eprint={2310.11589},
      archivePrefix={arXiv},
      primaryClass={cs.CL},
      url={https://arxiv.org/abs/2310.11589}, 
}

@inproceedings{hutchinson2022underspecificationscenedescriptiontodepictiontasks,
      title={Underspecification in Scene Description-to-Depiction Tasks}, 
      author={Ben Hutchinson and Jason Baldridge and Vinodkumar Prabhakaran},
      year={2022},
      booktitle={Proceedings of the 2nd Conference of the Asia-Pacific Chapter of the Association for Computational Linguistics and the 12th International Joint Conference on Natural Language Processing (Volume 1: Long Papers)}
}

@misc{kannen2024aestheticsculturalcompetencetexttoimage,
      title={Beyond Aesthetics: Cultural Competence in Text-to-Image Models}, 
      author={Nithish Kannen and Arif Ahmad and Marco Andreetto and Vinodkumar Prabhakaran and Utsav Prabhu and Adji Bousso Dieng and Pushpak Bhattacharyya and Shachi Dave},
      year={2024},
      eprint={2407.06863},
      archivePrefix={arXiv},
      primaryClass={cs.CV},
      url={https://arxiv.org/abs/2407.06863}, 
}

@misc{cheng2024autostudiocraftingconsistentsubjects,
      title={AutoStudio: Crafting Consistent Subjects in Multi-turn Interactive Image Generation}, 
      author={Junhao Cheng and Xi Lu and Hanhui Li and Khun Loun Zai and Baiqiao Yin and Yuhao Cheng and Yiqiang Yan and Xiaodan Liang},
      year={2024},
      eprint={2406.01388},
      archivePrefix={arXiv},
      primaryClass={cs.CV},
      url={https://arxiv.org/abs/2406.01388}, 
}

@article{betker2023improving,
  title={Improving image generation with better captions},
  author={Betker, James and Goh, Gabriel and Jing, Li and Brooks, Tim and Wang, Jianfeng and Li, Linjie and Ouyang, Long and Zhuang, Juntang and Lee, Joyce and Guo, Yufei and others},
  journal={Computer Science. https://cdn. openai. com/papers/dall-e-3. pdf},
  volume={2},
  number={3},
  pages={8},
  year={2023}
}

@misc{garg2024imageinwordsunlockinghyperdetailedimage,
      title={ImageInWords: Unlocking Hyper-Detailed Image Descriptions}, 
      author={Roopal Garg and Andrea Burns and Burcu Karagol Ayan and Yonatan Bitton and Ceslee Montgomery and Yasumasa Onoe and Andrew Bunner and Ranjay Krishna and Jason Baldridge and Radu Soricut},
      year={2024},
      eprint={2405.02793},
      archivePrefix={arXiv},
      primaryClass={cs.CV},
      url={https://arxiv.org/abs/2405.02793}, 
}

@misc{lai2023minidalle3interactivetextimage,
      title={{Mini-DALLE3}: Interactive Text to Image by Prompting Large Language Models}, 
      author={Zeqiang Lai and Xizhou Zhu and Jifeng Dai and Yu Qiao and Wenhai Wang},
      year={2023},
      eprint={2310.07653},
      archivePrefix={arXiv},
      primaryClass={cs.AI},
      url={https://arxiv.org/abs/2310.07653}, 
}

@inproceedings{datta-etal-2024-prompt,
    title = "Prompt Expansion for Adaptive Text-to-Image Generation",
    author = "Datta, Siddhartha  and
      Ku, Alexander  and
      Ramachandran, Deepak  and
      Anderson, Peter",
    editor = "Ku, Lun-Wei  and
      Martins, Andre  and
      Srikumar, Vivek",
    booktitle = "Proceedings of the 62nd Annual Meeting of the Association for Computational Linguistics (Volume 1: Long Papers)",
    month = aug,
    year = "2024",
    address = "Bangkok, Thailand",
    publisher = "Association for Computational Linguistics",
    url = "https://aclanthology.org/2024.acl-long.189",
    pages = "3449--3476",
    abstract = "Text-to-image generation models are powerful but difficult to use. Users craft specific prompts to get better images, though the images can be repetitive. This paper proposes the Prompt Expansion framework that helps users generate high-quality, diverse images with less effort. The Prompt Expansion model takes a text query as input and outputs a set of expanded text prompts that are optimized such that when passed to a text-to-image model, they generate a wider variety of appealing images. We conduct a human evaluation study that shows that images generated through Prompt Expansion are more aesthetically pleasing and diverse than those generated by baseline methods. Overall, this paper presents a novel and effective approach to improving the text-to-image generation experience.",
}

@misc{reimers2019sentencebertsentenceembeddingsusing,
      title={Sentence-BERT: Sentence Embeddings using Siamese BERT-Networks}, 
      author={Nils Reimers and Iryna Gurevych},
      year={2019},
      eprint={1908.10084},
      archivePrefix={arXiv},
      primaryClass={cs.CL},
      url={https://arxiv.org/abs/1908.10084}, 
}

@misc{lin2024evaluatingtexttovisualgenerationimagetotext,
      title={Evaluating Text-to-Visual Generation with Image-to-Text Generation}, 
      author={Zhiqiu Lin and Deepak Pathak and Baiqi Li and Jiayao Li and Xide Xia and Graham Neubig and Pengchuan Zhang and Deva Ramanan},
      year={2024},
      eprint={2404.01291},
      archivePrefix={arXiv},
      primaryClass={cs.CV},
      url={https://arxiv.org/abs/2404.01291}, 
}

@misc{cho2024davidsonianscenegraphimproving,
      title={Davidsonian Scene Graph: Improving Reliability in Fine-grained Evaluation for Text-to-Image Generation}, 
      author={Jaemin Cho and Yushi Hu and Roopal Garg and Peter Anderson and Ranjay Krishna and Jason Baldridge and Mohit Bansal and Jordi Pont-Tuset and Su Wang},
      year={2024},
      eprint={2310.18235},
      archivePrefix={arXiv},
      primaryClass={cs.CV},
      url={https://arxiv.org/abs/2310.18235}, 
}

@article{wiles2024revisiting,
  title={Revisiting Text-to-Image Evaluation with Gecko: On Metrics, Prompts, and Human Ratings},
  author={Wiles, Olivia and Zhang, Chuhan and Albuquerque, Isabela and Kaji{\'c}, Ivana and Wang, Su and Bugliarello, Emanuele and Onoe, Yasumasa and Knutsen, Chris and Rashtchian, Cyrus and Pont-Tuset, Jordi and others},
  journal={arXiv preprint arXiv:2404.16820},
  year={2024}
}

@article{wei2024powerful,
  title={Powerful and Flexible: Personalized Text-to-Image Generation via Reinforcement Learning},
  author={Wei, Fanyue and Zeng, Wei and Li, Zhenyang and Yin, Dawei and Duan, Lixin and Li, Wen},
  journal={arXiv preprint arXiv:2407.06642},
  year={2024}
}

@inproceedings{yin2019semantics,
  title={Semantics disentangling for text-to-image generation},
  author={Yin, Guojun and Liu, Bin and Sheng, Lu and Yu, Nenghai and Wang, Xiaogang and Shao, Jing},
  booktitle={Proceedings of the IEEE/CVF conference on computer vision and pattern recognition},
  pages={2327--2336},
  year={2019}
}

@article{wang2023generative,
  title={Generative adversarial text-to-image generation with style image constraint},
  author={Wang, Zekang and Liu, Li and Zhang, Huaxiang and Liu, Dongmei and Song, Yu},
  journal={Multimedia Systems},
  volume={29},
  number={6},
  pages={3291--3303},
  year={2023},
  publisher={Springer}
}

@article{imagenteamgoogle2024imagen3,
  title={Imagen 3},
  author={Baldridge, Jason and Bauer, Jakob and Bhutani, Mukul and Brichtova, Nicole and Bunner, Andrew and Chan, Kelvin and Chen, Yichang and Dieleman, Sander and Du, Yuqing and Eaton-Rosen, Zach and others},
  journal={arXiv preprint arXiv:2408.07009},
  year={2024}
}



% T2I evaluation metrics:

% inception score
@misc{salimans2016improved,
    title={Improved Techniques for Training GANs},
    author={Tim Salimans and Ian Goodfellow and Wojciech Zaremba and Vicki Cheung and Alec Radford and Xi Chen},
    year={2016},
    eprint={1606.03498},
    archivePrefix={arXiv},
    primaryClass={cs.LG}
}

% FID
@misc{heusel2018gans,
      title={GANs Trained by a Two Time-Scale Update Rule Converge to a Local Nash Equilibrium}, 
      author={Martin Heusel and Hubert Ramsauer and Thomas Unterthiner and Bernhard Nessler and Sepp Hochreiter},
      year={2018},
      eprint={1706.08500},
      archivePrefix={arXiv},
      primaryClass={cs.LG}
}

% CLIPscore

@misc{hessel2022clipscore,
      title={CLIPScore: A Reference-free Evaluation Metric for Image Captioning}, 
      author={Jack Hessel and Ari Holtzman and Maxwell Forbes and Ronan Le Bras and Yejin Choi},
      year={2022},
      eprint={2104.08718},
      archivePrefix={arXiv},
      primaryClass={cs.CV}
}

%ALIGNScore

@misc{zha2023alignscore,
      title={AlignScore: Evaluating Factual Consistency with a Unified Alignment Function}, 
      author={Yuheng Zha and Yichi Yang and Ruichen Li and Zhiting Hu},
      year={2023},
      eprint={2305.16739},
      archivePrefix={arXiv},
      primaryClass={cs.CL}
}

% DSG

@misc{cho2024davidsonian,
      title={Davidsonian Scene Graph: Improving Reliability in Fine-grained Evaluation for Text-to-Image Generation}, 
      author={Jaemin Cho and Yushi Hu and Roopal Garg and Peter Anderson and Ranjay Krishna and Jason Baldridge and Mohit Bansal and Jordi Pont-Tuset and Su Wang},
      year={2024},
      eprint={2310.18235},
      archivePrefix={arXiv},
      primaryClass={cs.CV}
}

% VQAscore

@misc{lin2024evaluating,
      title={Evaluating Text-to-Visual Generation with Image-to-Text Generation}, 
      author={Zhiqiu Lin and Deepak Pathak and Baiqi Li and Jiayao Li and Xide Xia and Graham Neubig and Pengchuan Zhang and Deva Ramanan},
      year={2024},
      eprint={2404.01291},
      archivePrefix={arXiv},
      primaryClass={cs.CV}
}

% LLM score
@misc{lu2023llmscore,
      title={LLMScore: Unveiling the Power of Large Language Models in Text-to-Image Synthesis Evaluation}, 
      author={Yujie Lu and Xianjun Yang and Xiujun Li and Xin Eric Wang and William Yang Wang},
      year={2023},
      eprint={2305.11116},
      archivePrefix={arXiv},
      primaryClass={cs.CV}
}

% VIE score

@misc{ku2023viescore,
      title={VIEScore: Towards Explainable Metrics for Conditional Image Synthesis Evaluation}, 
      author={Max Ku and Dongfu Jiang and Cong Wei and Xiang Yue and Wenhu Chen},
      year={2023},
      eprint={2312.14867},
      archivePrefix={arXiv},
      primaryClass={cs.CV}
}

%VPEval

@misc{cho2023visual,
      title={Visual Programming for Text-to-Image Generation and Evaluation}, 
      author={Jaemin Cho and Abhay Zala and Mohit Bansal},
      year={2023},
      eprint={2305.15328},
      archivePrefix={arXiv},
      primaryClass={cs.CV}
}

% Vipereval

@misc{suris2023vipergpt,
      title={ViperGPT: Visual Inference via Python Execution for Reasoning}, 
      author={Dídac Surís and Sachit Menon and Carl Vondrick},
      year={2023},
      eprint={2303.08128},
      archivePrefix={arXiv},
      primaryClass={cs.CV}
}

% Image reward

@misc{xu2023imagereward,
      title={ImageReward: Learning and Evaluating Human Preferences for Text-to-Image Generation}, 
      author={Jiazheng Xu and Xiao Liu and Yuchen Wu and Yuxuan Tong and Qinkai Li and Ming Ding and Jie Tang and Yuxiao Dong},
      year={2023},
      eprint={2304.05977},
      archivePrefix={arXiv},
      primaryClass={cs.CV}
}

%Pick score

@misc{kirstain2023pickapic,
      title={Pick-a-Pic: An Open Dataset of User Preferences for Text-to-Image Generation}, 
      author={Yuval Kirstain and Adam Polyak and Uriel Singer and Shahbuland Matiana and Joe Penna and Omer Levy},
      year={2023},
      eprint={2305.01569},
      archivePrefix={arXiv},
      primaryClass={cs.CV}
}

@misc{wu2023human,
      title={Human Preference Score v2: A Solid Benchmark for Evaluating Human Preferences of Text-to-Image Synthesis}, 
      author={Xiaoshi Wu and Yiming Hao and Keqiang Sun and Yixiong Chen and Feng Zhu and Rui Zhao and Hongsheng Li},
      year={2023},
      eprint={2306.09341},
      archivePrefix={arXiv},
      primaryClass={cs.CV}
}

% improved precision and recall

@misc{imrpovedprecision,
      title={Improved Precision and Recall Metric for Assessing Generative Models}, 
      author={Tuomas Kynkäänniemi and Tero Karras and Samuli Laine and Jaakko Lehtinen and Timo Aila},
      year={2019},
      eprint={1904.06991},
      archivePrefix={arXiv},
      primaryClass={stat.ML},
      url={https://arxiv.org/abs/1904.06991}, 
}

@misc{naeem2020reliablefidelitydiversitymetrics,
      title={Reliable Fidelity and Diversity Metrics for Generative Models}, 
      author={Muhammad Ferjad Naeem and Seong Joon Oh and Youngjung Uh and Yunjey Choi and Jaejun Yoo},
      year={2020},
      eprint={2002.09797},
      archivePrefix={arXiv},
      primaryClass={cs.CV},
      url={https://arxiv.org/abs/2002.09797}, 
}

@misc{hall2024diginevaluatingdisparities,
      title={DIG In: Evaluating Disparities in Image Generations with Indicators for Geographic Diversity}, 
      author={Melissa Hall and Candace Ross and Adina Williams and Nicolas Carion and Michal Drozdzal and Adriana Romero Soriano},
      year={2024},
      eprint={2308.06198},
      archivePrefix={arXiv},
      primaryClass={cs.CV},
      url={https://arxiv.org/abs/2308.06198}, 
}

% Cot
@misc{wei2023chainofthoughtpromptingelicitsreasoning,
      title={Chain-of-Thought Prompting Elicits Reasoning in Large Language Models}, 
      author={Jason Wei and Xuezhi Wang and Dale Schuurmans and Maarten Bosma and Brian Ichter and Fei Xia and Ed Chi and Quoc Le and Denny Zhou},
      year={2023},
      eprint={2201.11903},
      archivePrefix={arXiv},
      primaryClass={cs.CL},
      url={https://arxiv.org/abs/2201.11903}, 
}

@misc{wang2024llmcheckupconversationalexaminationlarge,
      title={LLMCheckup: Conversational Examination of Large Language Models via Interpretability Tools and Self-Explanations}, 
      author={Qianli Wang and Tatiana Anikina and Nils Feldhus and Josef van Genabith and Leonhard Hennig and Sebastian Möller},
      year={2024},
      eprint={2401.12576},
      archivePrefix={arXiv},
      primaryClass={cs.CL},
      url={https://arxiv.org/abs/2401.12576}, 
}

@misc{lanham2023measuringfaithfulnesschainofthoughtreasoning,
      title={Measuring Faithfulness in Chain-of-Thought Reasoning}, 
      author={Tamera Lanham and Anna Chen and Ansh Radhakrishnan and Benoit Steiner and Carson Denison and Danny Hernandez and Dustin Li and Esin Durmus and Evan Hubinger and Jackson Kernion and Kamilė Lukošiūtė and Karina Nguyen and Newton Cheng and Nicholas Joseph and Nicholas Schiefer and Oliver Rausch and Robin Larson and Sam McCandlish and Sandipan Kundu and Saurav Kadavath and Shannon Yang and Thomas Henighan and Timothy Maxwell and Timothy Telleen-Lawton and Tristan Hume and Zac Hatfield-Dodds and Jared Kaplan and Jan Brauner and Samuel R. Bowman and Ethan Perez},
      year={2023},
      eprint={2307.13702},
      archivePrefix={arXiv},
      primaryClass={cs.AI},
      url={https://arxiv.org/abs/2307.13702}, 
}

@inproceedings{wang2024gaussian,
  title={Gaussian process probes ({GPP}) for uncertainty-aware probing},
  author={Wang, Zi and Ku, Alexander and Baldridge, Jason and Griffiths, Tom and Kim, Been},
  booktitle=neurips,
  year={2024}
}

@article{tran2022plex,
  title={Plex: Towards reliability using pretrained large model extensions},
  author={Tran, Dustin and Liu, Jeremiah and Dusenberry, Michael W and Phan, Du and Collier, Mark and Ren, Jie and Han, Kehang and Wang, Zi and Mariet, Zelda and Hu, Huiyi and others},
  journal={arXiv preprint arXiv:2207.07411},
  year={2022}
}

@misc{wei2023largerlanguagemodelsincontext,
      title={Larger language models do in-context learning differently}, 
      author={Jerry Wei and Jason Wei and Yi Tay and Dustin Tran and Albert Webson and Yifeng Lu and Xinyun Chen and Hanxiao Liu and Da Huang and Denny Zhou and Tengyu Ma},
      year={2023},
      eprint={2303.03846},
      archivePrefix={arXiv},
      primaryClass={cs.CL},
      url={https://arxiv.org/abs/2303.03846}, 
}

@misc{chen2023modelsexplainthemselvescounterfactual,
      title={Do Models Explain Themselves? Counterfactual Simulatability of Natural Language Explanations}, 
      author={Yanda Chen and Ruiqi Zhong and Narutatsu Ri and Chen Zhao and He He and Jacob Steinhardt and Zhou Yu and Kathleen McKeown},
      year={2023},
      eprint={2307.08678},
      archivePrefix={arXiv},
      primaryClass={cs.CL},
      url={https://arxiv.org/abs/2307.08678}, 
}

@misc{ye2022unreliabilityexplanationsfewshotprompting,
      title={The Unreliability of Explanations in Few-shot Prompting for Textual Reasoning}, 
      author={Xi Ye and Greg Durrett},
      year={2022},
      eprint={2205.03401},
      archivePrefix={arXiv},
      primaryClass={cs.CL},
      url={https://arxiv.org/abs/2205.03401}, 
}

@misc{caron2021emergingpropertiesselfsupervisedvision,
      title={Emerging Properties in Self-Supervised Vision Transformers}, 
      author={Mathilde Caron and Hugo Touvron and Ishan Misra and Hervé Jégou and Julien Mairal and Piotr Bojanowski and Armand Joulin},
      year={2021},
      eprint={2104.14294},
      archivePrefix={arXiv},
      primaryClass={cs.CV},
      url={https://arxiv.org/abs/2104.14294}, 
}

@misc{oquab2024dinov2learningrobustvisual,
      title={DINOv2: Learning Robust Visual Features without Supervision}, 
      author={Maxime Oquab and Timothée Darcet and Théo Moutakanni and Huy Vo and Marc Szafraniec and Vasil Khalidov and Pierre Fernandez and Daniel Haziza and Francisco Massa and Alaaeldin El-Nouby and Mahmoud Assran and Nicolas Ballas and Wojciech Galuba and Russell Howes and Po-Yao Huang and Shang-Wen Li and Ishan Misra and Michael Rabbat and Vasu Sharma and Gabriel Synnaeve and Hu Xu and Hervé Jegou and Julien Mairal and Patrick Labatut and Armand Joulin and Piotr Bojanowski},
      year={2024},
      eprint={2304.07193},
      archivePrefix={arXiv},
      primaryClass={cs.CV},
      url={https://arxiv.org/abs/2304.07193}, 
}

@misc{geminiteam2024gemini15unlockingmultimodal,
      title={Gemini 1.5: Unlocking multimodal understanding across millions of tokens of context}, 
      author={{Gemini Team Google}},
      year={2024},
      eprint={2403.05530},
      archivePrefix={arXiv},
      primaryClass={cs.CL},
      url={https://arxiv.org/abs/2403.05530}, 
}

@misc{shah2018buildingconversationalagentovernight,
      title={Building a Conversational Agent Overnight with Dialogue Self-Play}, 
      author={Pararth Shah and Dilek Hakkani-Tür and Gokhan Tür and Abhinav Rastogi and Ankur Bapna and Neha Nayak and Larry Heck},
      year={2018},
      eprint={1801.04871},
      archivePrefix={arXiv},
      primaryClass={cs.AI},
      url={https://arxiv.org/abs/1801.04871}, 
}

@article{liao2022artbench,
  title={The artbench dataset: Benchmarking generative models with artworks},
  author={Liao, Peiyuan and Li, Xiuyu and Liu, Xihui and Keutzer, Kurt},
  journal={arXiv preprint arXiv:2206.11404},
  year={2022}
}


@article{deng2012mnist,
  title={The mnist database of handwritten digit images for machine learning research [best of the web]},
  author={Deng, Li},
  journal={IEEE signal processing magazine},
  volume={29},
  number={6},
  pages={141--142},
  year={2012},
  publisher={IEEE}
}

@inproceedings{liu2016deepfashion,
  title={Deepfashion: Powering robust clothes recognition and retrieval with rich annotations},
  author={Liu, Ziwei and Luo, Ping and Qiu, Shi and Wang, Xiaogang and Tang, Xiaoou},
  booktitle={Proceedings of the IEEE conference on computer vision and pattern recognition},
  pages={1096--1104},
  year={2016}
}

@article{krizhevsky2009learning,
  title={Learning multiple layers of features from tiny images},
  author={Krizhevsky, Alex and Hinton, Geoffrey and others},
  year={2009},
  publisher={Toronto, ON, Canada}
}