@article{vaswani2017attention,
  title={Attention is all you need},
  author={Vaswani, Ashish and Shazeer, Noam and Parmar, Niki and Uszkoreit, Jakob and Jones, Llion and Gomez, Aidan N and Kaiser, {\L}ukasz and Polosukhin, Illia},
  journal={NeurIPS},
  year={2017}
}

@article{radford2018improving,
  title={Improving language understanding by generative pre-training},
  author={Radford, Alec and Narasimhan, Karthik and Salimans, Tim and Sutskever, Ilya},
  year={2018},
  publisher={OpenAI}
}

@article{dosovitskiy2020image,
  title={An image is worth 16x16 words: Transformers for image recognition at scale},
  author={Alexey Dosovitskiy and Lucas Beyer and Alexander Kolesnikov and Dirk Weissenborn and Xiaohua Zhai and Thomas Unterthiner and Mostafa Dehghani and Matthias Minderer and Georg Heigold and Sylvain Gelly and Jakob Uszkoreit and Neil Houlsby},
  journal={ICLR},
  year={2021}
}

@inproceedings{strudel2021segmenter,
  title={Segmenter: {Transformer} for semantic segmentation},
  author={Strudel, Robin and Garcia, Ricardo and Laptev, Ivan and Schmid, Cordelia},
  booktitle={CVPR},
  year={2021}
}

@inproceedings{li2022exploring,
  title={Exploring plain vision transformer backbones for object detection},
  author={Li, Yanghao and Mao, Hanzi and Girshick, Ross and He, Kaiming},
  booktitle={ECCV},
  year={2022},
}

@article{aghajanyan2022cm3,
  title={{CM3}: A causal masked multimodal model of the internet},
  author={Armen Aghajanyan and Po-Yao Huang and Candace Ross and Vladimir Karpukhin and Hu Xu and Naman Goyal and Dmytro Okhonko and Mandar Joshi and Gargi Ghosh and Mike Lewis and Luke Zettlemoyer},
  journal={arXiv:2201.07520},
  year={2022}
}

@inproceedings{aghajanyan2023scaling,
  title={Scaling laws for generative mixed-modal language models},
  author={Aghajanyan, Armen and Yu, Lili and Conneau, Alexis and Hsu, Wei-Ning and Hambardzumyan, Karen and Zhang, Susan and Roller, Stephen and Goyal, Naman and Levy, Omer and Zettlemoyer, Luke},
  booktitle={ICML},
  year={2023}
}

@inproceedings{kim2023magvlt,
  title={{MAGVLT}: Masked Generative Vision-and-Language Transformer},
  author={Kim, Sungwoong and Jo, Daejin and Lee, Donghoon and Kim, Jongmin},
  booktitle={CVPR},
  year={2023}
}

@inproceedings{tschannen2023givt,
  title={{GIVT}: Generative infinite-vocabulary transformers},
  author={Tschannen, Michael and Eastwood, Cian and Mentzer, Fabian},
  booktitle={ECCV},
  year={2024}
}

@inproceedings{esser2020taming,
  title={Taming transformers for high-resolution image synthesis},
  author={Esser, Patrick and Rombach, Robin and Ommer, Bj{\"o}rn},
  booktitle={CVPR},
  year={2020}
}

@article{richardson2018gans,
  title={On {GANs} and {GMMs}},
  author={Richardson, Eitan and Weiss, Yair},
  journal={NeurIPS},
  year={2018}
}

@article{dinh2016density,
  title={Density estimation using real {NVP}},
  author={Dinh, Laurent and Sohl-Dickstein, Jascha and Bengio, Samy},
  journal={arXiv:1605.08803},
  year={2016}
}

@article{dinh2014nice,
  title={{NICE}: Non-linear independent components estimation},
  author={Dinh, Laurent and Krueger, David and Bengio, Yoshua},
  journal={arXiv:1410.8516},
  year={2014}
}

@article{kingma2018glow,
  title={Glow: Generative flow with invertible 1x1 convolutions},
  author={Kingma, Durk P and Dhariwal, Prafulla},
  journal={NeurIPS},
  year={2018}
}

@inproceedings{ho2019flow++,
  title={Flow++: Improving flow-based generative models with variational dequantization and architecture design},
  author={Ho, Jonathan and Chen, Xi and Srinivas, Aravind and Duan, Yan and Abbeel, Pieter},
  booktitle={ICML},
  year={2019},
}

@inproceedings{huang2018neural,
  title={Neural autoregressive flows},
  author={Huang, Chin-Wei and Krueger, David and Lacoste, Alexandre and Courville, Aaron},
  booktitle={ICML},
  year={2018},
}

@article{kingma2016improved,
  title={Improved variational inference with inverse autoregressive flow},
  author={Kingma, Durk P and Salimans, Tim and Jozefowicz, Rafal and Chen, Xi and Sutskever, Ilya and Welling, Max},
  journal={NeurIPS},
  year={2016}
}

@inproceedings{kolesnikov2017pixelcnn,
  title={Pixel{CNN} models with auxiliary variables for natural image modeling},
  author={Kolesnikov, Alexander and Lampert, Christoph H},
  booktitle={ICML},
  year={2017},
}

@article{menick2018generating,
  title={Generating high fidelity images with subscale pixel networks and multidimensional upscaling},
  author={Menick, Jacob and Kalchbrenner, Nal},
  journal={ICLR},
  year={2019}
}

@article{kingma2024understanding,
  title={Understanding diffusion objectives as the {ELBO} with simple data augmentation},
  author={Kingma, Diederik and Gao, Ruiqi},
  journal={NeurIPS},
  year={2023},
}

@article{you2023cobit,
  title={Co{BIT}: A contrastive bi-directional image-text generation model},
  author={You, Haoxuan and Guo, Mandy and Wang, Zhecan and Chang, Kai-Wei and Baldridge, Jason and Yu, Jiahui},
  journal={arXiv:2303.13455},
  year={2023}
}

@inproceedings{tschannen2023image,
  title={Image Captioners Are Scalable Vision Learners Too},
  author={Tschannen, Michael and Kumar, Manoj and Steiner, Andreas and Zhai, Xiaohua and Houlsby, Neil and Beyer, Lucas},
  booktitle={NeurIPS},
  year={2023}
}

@article{russakovsky2015imagenet,
  title={Imagenet large scale visual recognition challenge},
  author={Russakovsky, Olga and Deng, Jia and Su, Hao and Krause, Jonathan and Satheesh, Sanjeev and Ma, Sean and Huang, Zhiheng and Karpathy, Andrej and Khosla, Aditya and Bernstein, Michael and others},
  journal={IJCV},
  year={2015},
}

@article{chen2022pali,
  title={{PaLI}: A jointly-scaled multilingual language-image model},
  author={Chen, Xi and Wang, Xiao and Changpinyo, Soravit and Piergiovanni, AJ and Padlewski, Piotr and Salz, Daniel and Goodman, Sebastian and Grycner, Adam and Mustafa, Basil and Beyer, Lucas and others},
  journal={ICLR},
  year={2023}
}

@inproceedings{tschannen2023clippo,
  title={Clippo: Image-and-language understanding from pixels only},
  author={Tschannen, Michael and Mustafa, Basil and Houlsby, Neil},
  booktitle={CPVR},
  year={2023}
}

@article{raffel2020exploring,
  title={Exploring the limits of transfer learning with a unified text-to-text transformer},
  author={Raffel, Colin and Shazeer, Noam and Roberts, Adam and Lee, Katherine and Narang, Sharan and Matena, Michael and Zhou, Yanqi and Li, Wei and Liu, Peter J},
  journal={JMLR},
  year={2020}
}

@article{dhariwal2021diffusion,
  title={Diffusion models beat {GANs} on image synthesis},
  author={Dhariwal, Prafulla and Nichol, Alexander},
  journal={NeurIPS},
  year={2021}
}

@inproceedings{clip,
  title={Learning transferable visual models from natural language supervision},
  author={Radford, Alec and Kim, Jong Wook and Hallacy, Chris and Ramesh, Aditya and Goh, Gabriel and Agarwal, Sandhini and Sastry, Girish and Askell, Amanda and Mishkin, Pamela and Clark, Jack and others},
  booktitle={ICML},
  year={2021},
}

@inproceedings{rombach2021high,
  title={High-Resolution Image Synthesis with Latent Diffusion Models},
  author={Rombach, Robin and Blattmann, Andreas and Lorenz, Dominik and Esser, Patrick and Ommer, Bj{\"o}rn},
  booktitle={CVPR},
  year={2022}
}

@inproceedings{brock2018large,
  title={Large Scale {GAN} Training for High Fidelity Natural Image Synthesis},
  author={Brock, Andrew and Donahue, Jeff and Simonyan, Karen},
  booktitle={ICLR},
  year={2018}
}

@article{theis2015note,
  title={A note on the evaluation of generative models},
  author={Theis, Lucas and Oord, A{\"a}ron van den and Bethge, Matthias},
  journal={arXiv:1511.01844},
  year={2015}
}

@article{tipping1999probabilistic,
  title={Probabilistic principal component analysis},
  author={Tipping, Michael E and Bishop, Christopher M},
  journal={Journal of the Royal Statistical Society Series B: Statistical Methodology},
  year={1999},
  publisher={Oxford University Press}
}

@inproceedings{ramesh2021zero,
  title={Zero-shot text-to-image generation},
  author={Ramesh, Aditya and Pavlov, Mikhail and Goh, Gabriel and Gray, Scott and Voss, Chelsea and Radford, Alec and Chen, Mark and Sutskever, Ilya},
  booktitle={ICML},
  year={2021},
}

@article{van2017neural,
  title={Neural discrete representation learning},
  author={A{\"a}ron van den Oord and Oriol Vinyals and Koray Kavukcuoglu},
  journal={NeurIPS},
  year={2017}
}

@article{ho2022classifier,
  title={Classifier-free diffusion guidance},
  author={Ho, Jonathan and Salimans, Tim},
  journal={arXiv:2207.12598},
  year={2022}
}

@misc{big_vision,
  author = {Beyer, Lucas and Zhai, Xiaohua and Kolesnikov, Alexander},
  title = {Big Vision},
  year = {2022},
  publisher = {GitHub},
  journal = {GitHub repository},
  howpublished = {\url{https://github.com/google-research/big_vision}}
}

@article{team2024gemma,
  title={Gemma: Open models based on gemini research and technology},
  author={{Gemma Team} and Mesnard, Thomas and Hardin, Cassidy and Dadashi, Robert and Bhupatiraju, Surya and Pathak, Shreya and Sifre, Laurent and Rivi{\`e}re, Morgane and Kale, Mihir Sanjay and Love, Juliette and others},
  journal={arXiv:2403.08295},
  year={2024}
}

@article{palix,
  title={{PaLI-X}: On Scaling up a Multilingual Vision and Language Model},
  author={Xi Chen and Josip Djolonga and Piotr Padlewski and Basil Mustafa and Soravit Changpinyo and Jialin Wu and Carlos Riquelme Ruiz and Sebastian Goodman and Xiao Wang and Yi Tay and Siamak Shakeri and Mostafa Dehghani and Daniel Salz and Mario Lucic and Michael Tschannen and Arsha Nagrani and Hexiang Hu and Mandar Joshi and Bo Pang and Ceslee Montgomery and Paulina Pietrzyk and Marvin Ritter and AJ Piergiovanni and Matthias Minderer and Filip Pavetic and Austin Waters and Gang Li and Ibrahim Alabdulmohsin and Lucas Beyer and Julien Amelot and Kenton Lee and Andreas Peter Steiner and Yang Li and Daniel Keysers and Anurag Arnab and Yuanzhong Xu and Keran Rong and Alexander Kolesnikov and Mojtaba Seyedhosseini and Anelia Angelova and Xiaohua Zhai and Neil Houlsby and Radu Soricut},
  journal={arXiv:2305.18565},
  year={2023}
}

@inproceedings{po2024state,
  title={State of the art on diffusion models for visual computing},
  author={Po, Ryan and Yifan, Wang and Golyanik, Vladislav and Aberman, Kfir and Barron, Jonathan T and Bermano, Amit and Chan, Eric and Dekel, Tali and Holynski, Aleksander and Kanazawa, Angjoo and others},
  booktitle={Computer Graphics Forum},
  year={2024},
}

@article{t5,
  title={Exploring the limits of transfer learning with a unified text-to-text transformer},
  author={Raffel, Colin and Shazeer, Noam and Roberts, Adam and Lee, Katherine and Narang, Sharan and Matena, Michael and Zhou, Yanqi and Li, Wei and Liu, Peter J},
  journal={JMLR},
  year={2020}
}


@inproceedings{singh2019towards-textvqa,
    title={Towards {VQA} Models That Can Read},
    author={Singh, Amanpreet and Natarjan, Vivek and Shah, Meet and Jiang, Yu and Chen, Xinlei and Parikh, Devi and Rohrbach, Marcus},
    booktitle={CVPR},
    year={2019}
}

@article{sutton2019bitter,
  title={The bitter lesson},
  author={Sutton, Richard},
  journal={Incomplete Ideas (blog)},
  year={2019}
}

@inproceedings{nichol2022glide,
  title={{GLIDE}: Towards Photorealistic Image Generation and Editing with Text-Guided Diffusion Models},
  author={Nichol, Alexander Quinn and Dhariwal, Prafulla and Ramesh, Aditya and Shyam, Pranav and Mishkin, Pamela and Mcgrew, Bob and Sutskever, Ilya and Chen, Mark},
  booktitle={ICML},
  year={2022},
}

@article{ding2021cogview,
  title={Cogview: Mastering text-to-image generation via transformers},
  author={Ding, Ming and Yang, Zhuoyi and Hong, Wenyi and Zheng, Wendi and Zhou, Chang and Yin, Da and Lin, Junyang and Zou, Xu and Shao, Zhou and Yang, Hongxia and others},
  journal={NeurIPS},
  year={2021}
}

@article{ding2022cogview2,
  title={Cogview2: Faster and better text-to-image generation via hierarchical transformers},
  author={Ding, Ming and Zheng, Wendi and Hong, Wenyi and Tang, Jie},
  journal={NeurIPS},
  year={2022}
}

@inproceedings{gafni2022make,
  title={Make-a-scene: Scene-based text-to-image generation with human priors},
  author={Gafni, Oran and Polyak, Adam and Ashual, Oron and Sheynin, Shelly and Parikh, Devi and Taigman, Yaniv},
  booktitle={ECCV},
  year={2022},
}

@article{ramesh2022hierarchical,
  title={Hierarchical Text-Conditional Image Generation with CLIP Latents},
  author={Ramesh, Aditya and Dhariwal, Prafulla and Nichol, Alex and Chu, Casey and Chen, Mark},
  journal={arXiv:2204.06125},
  year={2022}
}

@article{yu2021vector,
  title={Vector-quantized image modeling with improved {VQGAN}},
  author={Yu, Jiahui and Li, Xin and Koh, Jing Yu and Zhang, Han and Pang, Ruoming and Qin, James and Ku, Alexander and Xu, Yuanzhong and Baldridge, Jason and Wu, Yonghui},
  journal={ICLR},
  year={2022}
}

@inproceedings{coco2014,
  title={Microsoft {COCO}: Common objects in context},
  author={Lin, Tsung-Yi and Maire, Michael and Belongie, Serge and Hays, James and Perona, Pietro and Ramanan, Deva and Doll{\'a}r, Piotr and Zitnick, C Lawrence},
  booktitle={ECCV},
  year={2014},
}
}

@inproceedings{DBLP:conf/cvpr/KarpathyL15,
  title={Deep visual-semantic alignments for generating image descriptions},
  author={Karpathy, Andrej and Fei-Fei, Li},
  booktitle={CVPR},
  year={2015}
}


@article{yu2022scaling,
  title={Scaling Autoregressive Models for Content-Rich Text-to-Image Generation},
  author={Jiahui Yu and Yuanzhong Xu and Jing Yu Koh and Thang Luong and Gunjan Baid and Zirui Wang and Vijay Vasudevan and Alexander Ku and Yinfei Yang and Burcu Karagol Ayan and Benton C. Hutchinson and Wei Han and Zarana Parekh and Xin Li and Han Zhang and Jason Baldridge and Yonghui Wu},
  journal={TMLR},
  year={2022}
}

@inproceedings{sohl2015deep,
  title={Deep unsupervised learning using nonequilibrium thermodynamics},
  author={Sohl-Dickstein, Jascha and Weiss, Eric and Maheswaranathan, Niru and Ganguli, Surya},
  booktitle={ICML},
  year={2015},
}

@inproceedings{van2016pixel,
  title={Pixel recurrent neural networks},
  author={Van den Oord, A{\"a}ron and Kalchbrenner, Nal and Kavukcuoglu, Koray},
  booktitle={ICML},
  year={2016},
}

@article{van2016conditional,
  title={Conditional image generation with pixelcnn decoders},
  author={Van den Oord, Aaron and Kalchbrenner, Nal and Espeholt, Lasse and Vinyals, Oriol and Graves, Alex and others},
  journal={NeurIPS},
  year={2016}
}

@inproceedings{salimans2016pixelcnn,
  title={{PixelCNN++}: Improving the {PixelCNN} with Discretized Logistic Mixture Likelihood and Other Modifications},
  author={Salimans, Tim and Karpathy, Andrej and Chen, Xi and Kingma, Diederik P},
  booktitle={ICLR},
  year={2016}
}

@inproceedings{chen2020generative,
  title={Generative pretraining from pixels},
  author={Chen, Mark and Radford, Alec and Child, Rewon and Wu, Jeffrey and Jun, Heewoo and Luan, David and Sutskever, Ilya},
  booktitle={ICML},
  year={2020},
}

@inproceedings{parmar2018image,
  title={Image transformer},
  author={Parmar, Niki and Vaswani, Ashish and Uszkoreit, Jakob and Kaiser, Lukasz and Shazeer, Noam and Ku, Alexander and Tran, Dustin},
  booktitle={ICML},
  year={2018},
}

@article{razavi2019generating,
  title={Generating diverse high-fidelity images with {VQ-VAE-2}},
  author={Razavi, Ali and Van den Oord, Aaron and Vinyals, Oriol},
  journal={NeurIPS},
  year={2019}
}

@article{mentzer2023finite,
  title={Finite Scalar Quantization: {VQ-VAE} Made Simple},
  author={Mentzer, Fabian and Minnen, David and Agustsson, Eirikur and Tschannen, Michael},
  journal={ICLR},
  year={2024}
}

@article{kolesnikov2022uvim,
  title={{UViM}: A unified modeling approach for vision with learned guiding codes},
  author={Kolesnikov, Alexander and Susano Pinto, Andr{\'e} and Beyer, Lucas and Zhai, Xiaohua and Harmsen, Jeremiah and Houlsby, Neil},
  journal={NeurIPS},
  year={2022}
}

@inproceedings{lu2022unified,
  title={UNIFIED-{IO}: A Unified Model for Vision, Language, and Multi-modal Tasks},
  author={Lu, Jiasen and Clark, Christopher and Zellers, Rowan and Mottaghi, Roozbeh and Kembhavi, Aniruddha},
  booktitle={ICLR},
  year={2022}
}

@article{mizrahi20244m,
  title={{4M}: Massively multimodal masked modeling},
  author={Mizrahi, David and Bachmann, Roman and Kar, Oguzhan and Yeo, Teresa and Gao, Mingfei and Dehghan, Afshin and Zamir, Amir},
  journal={NeurIPS},
  year={2024}
}

@inproceedings{nash2021generating,
  title={Generating images with sparse representations},
  author={Nash, Charlie and Menick, Jacob and Dieleman, Sander and Battaglia, Peter},
  booktitle={ICML},
  year={2021},
}

@article{dieleman2024diffusion,
  title={Diffusion is spectral autoregression},
  author={Dieleman, Sander},
  journal={Blog post},
  year={2024},
  url={https://sander.ai/2024/09/02/spectral-autoregression.html},
}

@article{saharia2022photorealistic,
  title={Photorealistic text-to-image diffusion models with deep language understanding},
  author={Saharia, Chitwan and Chan, William and Saxena, Saurabh and Li, Lala and Whang, Jay and Denton, Emily L and Ghasemipour, Kamyar and Gontijo Lopes, Raphael and Karagol Ayan, Burcu and Salimans, Tim and others},
  journal={NeurIPS},
  year={2022}
}

@article{simvlm_22,
  title={{SimVLM}: Simple visual language model pretraining with weak supervision},
  author={Wang, Zirui and Yu, Jiahui and Yu, Adams Wei and Dai, Zihang and Tsvetkov, Yulia and Cao, Yuan},
  journal={ICLR},
  year={2022}
}
}

@inproceedings{align,
  title={Scaling up visual and vision-language representation learning with noisy text supervision},
  author={Jia, Chao and Yang, Yinfei and Xia, Ye and Chen, Yi-Ting and Parekh, Zarana and Pham, Hieu and Le, Quoc and Sung, Yun-Hsuan and Li, Zhen and Duerig, Tom},
  booktitle={ICML},
  year={2021},
}

@article{
yu2022coca,
title={CoCa: Contrastive Captioners are Image-Text Foundation Models},
author={Jiahui Yu and Zirui Wang and Vijay Vasudevan and Legg Yeung and Mojtaba Seyedhosseini and Yonghui Wu},
journal={TMLR},
year={2022},
}

@article{blip2,
  title={{BLIP-2}: Bootstrapping language-image pre-training with frozen image encoders and large language models},
  author={Li, Junnan and Li, Dongxu and Savarese, Silvio and Hoi, Steven},
  journal={arXiv:2301.12597},
  year={2023}
}

@article{beyer2024paligemma,
  title={Pali{G}emma: A versatile 3{B} {VLM} for transfer},
  author={Beyer, Lucas and Steiner, Andreas and Pinto, Andr{\'e} Susano and Kolesnikov, Alexander and Wang, Xiao and Salz, Daniel and Neumann, Maxim and Alabdulmohsin, Ibrahim and Tschannen, Michael and Bugliarello, Emanuele and others},
  journal={arXiv:2407.07726},
  year={2024}
}

@inproceedings{flamingo_paper_22,
  author    = {Jean{-}Baptiste Alayrac and
               Jeff Donahue and
               Pauline Luc and
               Antoine Miech and
               Iain Barr and
               Yana Hasson and
               Karel Lenc and
               Arthur Mensch and
               Katie Millican and
               Malcolm Reynolds and
               Roman Ring and
               Eliza Rutherford and
               Serkan Cabi and
               Tengda Han and
               Zhitao Gong and
               Sina Samangooei and
               Marianne Monteiro and
               Jacob Menick and
               Sebastian Borgeaud and
               Andrew Brock and
               Aida Nematzadeh and
               Sahand Sharifzadeh and
               Mikolaj Binkowski and
               Ricardo Barreira and
               Oriol Vinyals and
               Andrew Zisserman and
               Karen Simonyan},
  title     = {Flamingo: A Visual Language Model for Few-Shot Learning},
  booktitle   = {{NeurIPS}},
  year      = {2022},
}

@article{git2_22,
  author    = {Jianfeng Wang and
               Zhengyuan Yang and
               Xiaowei Hu and
               Linjie Li and
               Kevin Lin and
               Zhe Gan and
               Zicheng Liu and
               Ce Liu and
               Lijuan Wang},
  title     = {{GIT:} {A} Generative Image-to-text Transformer for Vision and Language},
  journal   = {TMLR},
  year      = {2022},
}

@InProceedings{pmlr-v139-cho21a,
  title = 	 {Unifying Vision-and-Language Tasks via Text Generation},
  author =       {Cho, Jaemin and Lei, Jie and Tan, Hao and Bansal, Mohit},
  booktitle = 	 {ICML},
  year = 	 {2021},
}

@article{kosmos,
  title={Language is not all you need: Aligning perception with language models},
  author={Shaohan Huang and Li Dong and Wenhui Wang and Yaru Hao and Saksham Singhal and Shuming Ma and Tengchao Lv and Lei Cui and Owais Khan Mohammed and Qiang Liu and Kriti Aggarwal and Zewen Chi and Johan Bjorck and Vishrav Chaudhary and Subhojit Som and Xia Song and Furu Wei},
  journal={arXiv:2302.14045},
  year={2023}
}

@article{liu2024visual,
  title={Visual instruction tuning},
  author={Liu, Haotian and Li, Chunyuan and Wu, Qingyang and Lee, Yong Jae},
  journal={NeurIPS},
  year={2024}
}


@article{zhou2024transfusion,
  title={Transfusion: Predict the next token and diffuse images with one multi-modal model},
  author={Zhou, Chunting and Yu, Lili and Babu, Arun and Tirumala, Kushal and Yasunaga, Michihiro and Shamis, Leonid and Kahn, Jacob and Ma, Xuezhe and Zettlemoyer, Luke and Levy, Omer},
  journal={arXiv:2408.11039},
  year={2024}
}

@article{pan2024auto,
  title={Auto-Encoding Morph-Tokens for Multimodal LLM},
  author={Pan, Kaihang and Tang, Siliang and Li, Juncheng and Fan, Zhaoyu and Chow, Wei and Yan, Shuicheng and Chua, Tat-Seng and Zhuang, Yueting and Zhang, Hanwang},
  journal={arXiv:2405.01926},
  year={2024}
}

@inproceedings{dongdreamllm,
  title={DreamLLM: Synergistic Multimodal Comprehension and Creation},
  author={Dong, Runpei and Han, Chunrui and Peng, Yuang and Qi, Zekun and Ge, Zheng and Yang, Jinrong and Zhao, Liang and Sun, Jianjian and Zhou, Hongyu and Wei, Haoran and Kong, Xiangwen and Zhang, Xiangyu and Ma, Kaisheng and Yi, Li},
  booktitle={ICLR},
  year={2023},
}

@article{ge2024seed,
  title={Seed-x: Multimodal models with unified multi-granularity comprehension and generation},
  author={Ge, Yuying and Zhao, Sijie and Zhu, Jinguo and Ge, Yixiao and Yi, Kun and Song, Lin and Li, Chen and Ding, Xiaohan and Shan, Ying},
  journal={arXiv:2404.14396},
  year={2024}
}

@article{jet2024,
  title={Jet: A modern transformer-based normalizing flow},
  author={{Anonymous}},
  journal={In preparation},
  year={2024}
}

@article{sajjadi2018assessing,
  title={Assessing generative models via precision and recall},
  author={Sajjadi, Mehdi SM and Bachem, Olivier and Lucic, Mario and Bousquet, Olivier and Gelly, Sylvain},
  journal={NeurIPS},
  year={2018}
}

@article{xu2024libra,
  title={Libra: Building Decoupled Vision System on Large Language Models},
  author={Xu, Yifan and Yang, Xiaoshan and Song, Yaguang and Xu, Changsheng},
  journal={arXiv:2405.10140},
  year={2024}
}

@article{meng2024autoregressive,
  title={Autoregressive speech synthesis without vector quantization},
  author={Meng, Lingwei and Zhou, Long and Liu, Shujie and Chen, Sanyuan and Han, Bing and Hu, Shujie and Liu, Yanqing and Li, Jinyu and Zhao, Sheng and Wu, Xixin and others},
  journal={arXiv:2407.08551},
  year={2024}
}

@article{nachmani2023lms,
  title={Spoken Question Answering and Speech Continuation Using Spectrogram-Powered LLM},
  author={Nachmani, Eliya and Levkovitch, Alon and Hirsch, Roy and Salazar, Julian and Asawaroengchai, Chulayuth and Mariooryad, Soroosh and Rivlin, Ehud and Skerry-Ryan, RJ and Ramanovich, Michelle Tadmor},
  journal={arXiv preprint arXiv:2305.15255},
  year={2023}
}