@inproceedings{rombach2022high,
  title={High-resolution image synthesis with latent diffusion models},
  author={Rombach, Robin and Blattmann, Andreas and Lorenz, Dominik and Esser, Patrick and Ommer, Bj{\"o}rn},
  booktitle={Proceedings of the IEEE/CVF conference on computer vision and pattern recognition},
  pages={10684--10695},
  year={2022}
}

@article{podell2023sdxl,
  title={Sdxl: Improving latent diffusion models for high-resolution image synthesis},
  author={Podell, Dustin and English, Zion and Lacey, Kyle and Blattmann, Andreas and Dockhorn, Tim and M{\"u}ller, Jonas and Penna, Joe and Rombach, Robin},
  journal={arXiv preprint arXiv:2307.01952},
  year={2023}
}

@article{schuhmann2022laion,
  title={Laion-5b: An open large-scale dataset for training next generation image-text models},
  author={Schuhmann, Christoph and Beaumont, Romain and Vencu, Richard and Gordon, Cade and Wightman, Ross and Cherti, Mehdi and Coombes, Theo and Katta, Aarush and Mullis, Clayton and Wortsman, Mitchell and others},
  journal={Advances in Neural Information Processing Systems},
  volume={35},
  pages={25278--25294},
  year={2022}
}

@article{wolf2019huggingface,
  title={Huggingface's transformers: State-of-the-art natural language processing},
  author={Wolf, Thomas and Debut, Lysandre and Sanh, Victor and Chaumond, Julien and Delangue, Clement and Moi, Anthony and Cistac, Pierric and Rault, Tim and Louf, R{\'e}mi and Funtowicz, Morgan and others},
  journal={arXiv preprint arXiv:1910.03771},
  year={2019}
}

@article{harwell2017ai,
  title={Ai-generated child sex images spawn new nightmare for the web},
  author={Harwell, Drew},
  journal={The Wall Street Journal},
  year={2017}
}

@article{heikkila2022artist,
  title={This artist is dominating AI-generated art. And he’s not happy about it},
  author={Heikkil{\"a}, Melissa},
  journal={MIT Technology Review},
  volume={125},
  number={6},
  pages={9--10},
  year={2022}
}

@inproceedings{gamage2022deepfakes,
  title={Are deepfakes concerning? analyzing conversations of deepfakes on reddit and exploring societal implications},
  author={Gamage, Dilrukshi and Ghasiya, Piyush and Bonagiri, Vamshi and Whiting, Mark E and Sasahara, Kazutoshi},
  booktitle={Proceedings of the 2022 CHI Conference on Human Factors in Computing Systems},
  pages={1--19},
  year={2022}
}
@article{gosse2020politics,
  title={Politics and porn: how news media characterizes problems presented by deepfakes},
  author={Gosse, Chandell and Burkell, Jacquelyn},
  journal={Critical Studies in Media Communication},
  volume={37},
  number={5},
  pages={497--511},
  year={2020},
  publisher={Taylor \& Francis}
}

@article{derner2023beyond,
  title={Beyond the safeguards: Exploring the security risks of chatgpt},
  author={Derner, Erik and Batisti{\v{c}}, Kristina},
  journal={arXiv preprint arXiv:2305.08005},
  year={2023}
}

@article{webson2021prompt,
  title={Do prompt-based models really understand the meaning of their prompts?},
  author={Webson, Albert and Pavlick, Ellie},
  journal={arXiv preprint arXiv:2109.01247},
  year={2021}
}

@misc(safetychecker,
    organization={CompVis},
    title={stable-diffusion-safety-checker},
    year={2023},
    howpublished={\url{https://huggingface.co/CompVis/stable-diffusion-safety-checker}}
)

@misc(falsepositive,
    organization={},
    title={some-notes-on-the-stable-diffusion-safety-filter},
    year={2022},
    howpublished={\url{https://vickiboykis.com/2022/11/18/some-notes-on-the-stable-diffusion-safety-filter/}}
)

@article{ye2023duaw,
  title={Duaw: Data-free universal adversarial watermark against stable diffusion customization},
  author={Ye, Xiaoyu and Huang, Hao and An, Jiaqi and Wang, Yongtao},
  journal={arXiv preprint arXiv:2308.09889},
  year={2023}
}

@article{zhang2023editguard,
  title={Editguard: Versatile image watermarking for tamper localization and copyright protection},
  author={Zhang, Xuanyu and Li, Runyi and Yu, Jiwen and Xu, Youmin and Li, Weiqi and Zhang, Jian},
  journal={arXiv preprint arXiv:2312.08883},
  year={2023}
}

@article{zheng2023imma,
  title={IMMA: Immunizing text-to-image Models against Malicious Adaptation},
  author={Zheng, Yijia and Yeh, Raymond A},
  journal={arXiv preprint arXiv:2311.18815},
  year={2023}
}

@inproceedings{gandikota2024unified,
  title={Unified concept editing in diffusion models},
  author={Gandikota, Rohit and Orgad, Hadas and Belinkov, Yonatan and Materzy{\'n}ska, Joanna and Bau, David},
  booktitle={Proceedings of the IEEE/CVF Winter Conference on Applications of Computer Vision},
  pages={5111--5120},
  year={2024}
}

@article{wu2024erasediff,
  title={Erasediff: Erasing data influence in diffusion models},
  author={Wu, Jing and Le, Trung and Hayat, Munawar and Harandi, Mehrtash},
  journal={arXiv preprint arXiv:2401.05779},
  year={2024}
}

@article{lee2018snip,
  title={Snip: Single-shot network pruning based on connection sensitivity},
  author={Lee, Namhoon and Ajanthan, Thalaiyasingam and Torr, Philip HS},
  journal={arXiv preprint arXiv:1810.02340},
  year={2018}
}

@inproceedings{liu2021group,
  title={Group fisher pruning for practical network compression},
  author={Liu, Liyang and Zhang, Shilong and Kuang, Zhanghui and Zhou, Aojun and Xue, Jing-Hao and Wang, Xinjiang and Chen, Yimin and Yang, Wenming and Liao, Qingmin and Zhang, Wayne},
  booktitle={International Conference on Machine Learning},
  pages={7021--7032},
  year={2021},
  organization={PMLR}
}

@misc(sd14,
    organization={CompVis},
    title={stable diffusion v1.4},
    year={2023},
    howpublished={\url{https://huggingface.co/CompVis/stable-diffusion-v1-4}}
)

@misc(sd15,
    organization={runwayml},
    title={stable diffusion v1.5},
    year={2023},
    howpublished={\url{https://huggingface.co/runwayml/stable-diffusion-v1-5}}
)

@misc(sd21,
    organization={stabilityai},
    title={stable diffusion v2.1},
    year={2023},
    howpublished={\url{https://huggingface.co/runwayml/stable-diffusion-v1-5}}
)


@misc(logov4,
    organization={},
    title={modern-logo-v4 dataset},
    year={2023},
    howpublished={\url{https://huggingface.co/datasets/logo-wizard/modern-logo-dataset}}
)

@misc(clothes,
    organization={},
    title={H\&M clothes dataset},
    year={2023},
    howpublished={\url{https://huggingface.co/datasets/wbensvage/clothes_desc}}
)

@misc(pokemon,
    organization={lambdalab},
    title={pokemon dataset},
    year={2023},
    howpublished={\url{https://huggingface.co/datasets/lambdalabs/pokemon-blip-captions}}
)

@misc(autocrawler,
    organization={},
    title={AutoCrawler},
    year={2023},
    howpublished={\url{https://github.com/YoongiKim/AutoCrawler}}
)

@misc(opencvfacedet,
    organization={OpenCV},
    title={OpenCV Face Recognition},
    year={2024},
    howpublished={\url{https://opencv.org/opencv-face-recognition/}}
)


@inproceedings{ronneberger2015u,
  title={U-net: Convolutional networks for biomedical image segmentation},
  author={Ronneberger, Olaf and Fischer, Philipp and Brox, Thomas},
  booktitle={Medical image computing and computer-assisted intervention--MICCAI 2015: 18th international conference, Munich, Germany, October 5-9, 2015, proceedings, part III 18},
  pages={234--241},
  year={2015},
  organization={Springer}
}

@article{hu2021lora,
  title={Lora: Low-rank adaptation of large language models},
  author={Hu, Edward J and Shen, Yelong and Wallis, Phillip and Allen-Zhu, Zeyuan and Li, Yuanzhi and Wang, Shean and Wang, Lu and Chen, Weizhu},
  journal={arXiv preprint arXiv:2106.09685},
  year={2021}
}

@inproceedings{ruiz2023dreambooth,
  title={Dreambooth: Fine tuning text-to-image diffusion models for subject-driven generation},
  author={Ruiz, Nataniel and Li, Yuanzhen and Jampani, Varun and Pritch, Yael and Rubinstein, Michael and Aberman, Kfir},
  booktitle={Proceedings of the IEEE/CVF Conference on Computer Vision and Pattern Recognition},
  pages={22500--22510},
  year={2023}
}

@article{gal2022image,
  title={An image is worth one word: Personalizing text-to-image generation using textual inversion},
  author={Gal, Rinon and Alaluf, Yuval and Atzmon, Yuval and Patashnik, Or and Bermano, Amit H and Chechik, Gal and Cohen-Or, Daniel},
  journal={arXiv preprint arXiv:2208.01618},
  year={2022}
}

@inproceedings{he2023sensitivity,
  title={Sensitivity-aware visual parameter-efficient fine-tuning},
  author={He, Haoyu and Cai, Jianfei and Zhang, Jing and Tao, Dacheng and Zhuang, Bohan},
  booktitle={Proceedings of the IEEE/CVF International Conference on Computer Vision},
  pages={11825--11835},
  year={2023}
}

@inproceedings{zeiler2014visualizing,
  title={Visualizing and understanding convolutional networks},
  author={Zeiler, Matthew D and Fergus, Rob},
  booktitle={Computer Vision--ECCV 2014: 13th European Conference, Zurich, Switzerland, September 6-12, 2014, Proceedings, Part I 13},
  pages={818--833},
  year={2014},
  organization={Springer}
}

@inproceedings{chen2019lambdaopt,
  title={$\lambda$opt: Learn to regularize recommender models in finer levels},
  author={Chen, Yihong and Chen, Bei and He, Xiangnan and Gao, Chen and Li, Yong and Lou, Jian-Guang and Wang, Yue},
  booktitle={Proceedings of the 25th ACM SIGKDD International Conference on Knowledge Discovery \& Data Mining},
  pages={978--986},
  year={2019}
}

@article{liu2018darts,
  title={Darts: Differentiable architecture search},
  author={Liu, Hanxiao and Simonyan, Karen and Yang, Yiming},
  journal={arXiv preprint arXiv:1806.09055},
  year={2018}
}

@inproceedings{finn2017model,
  title={Model-agnostic meta-learning for fast adaptation of deep networks},
  author={Finn, Chelsea and Abbeel, Pieter and Levine, Sergey},
  booktitle={International conference on machine learning},
  pages={1126--1135},
  year={2017},
  organization={PMLR}
}

@book{hwang2012multiple,
  title={Multiple objective decision making—methods and applications: a state-of-the-art survey},
  author={Hwang, C-L and Masud, Abu Syed Md},
  volume={164},
  year={2012},
  publisher={Springer Science \& Business Media}
}

@article{chen2024topiq,
  title={Topiq: A top-down approach from semantics to distortions for image quality assessment},
  author={Chen, Chaofeng and Mo, Jiadi and Hou, Jingwen and Wu, Haoning and Liao, Liang and Sun, Wenxiu and Yan, Qiong and Lin, Weisi},
  journal={IEEE Transactions on Image Processing},
  year={2024},
  publisher={IEEE}
}

@inproceedings{shan2023glaze,
  title={Glaze: Protecting Artists from Style Mimicry by $\{$Text-to-Image$\}$ Models},
  author={Shan, Shawn and Cryan, Jenna and Wenger, Emily and Zheng, Haitao and Hanocka, Rana and Zhao, Ben Y},
  booktitle={32nd USENIX Security Symposium (USENIX Security 23)},
  pages={2187--2204},
  year={2023}
}

@article{zhao2023recipe,
  title={A recipe for watermarking diffusion models},
  author={Zhao, Yunqing and Pang, Tianyu and Du, Chao and Yang, Xiao and Cheung, Ngai-Man and Lin, Min},
  journal={arXiv preprint arXiv:2303.10137},
  year={2023}
}

@article{cui2023ft,
  title={FT-Shield: A Watermark Against Unauthorized Fine-tuning in Text-to-Image Diffusion Models},
  author={Cui, Yingqian and Ren, Jie and Lin, Yuping and Xu, Han and He, Pengfei and Xing, Yue and Fan, Wenqi and Liu, Hui and Tang, Jiliang},
  journal={arXiv preprint arXiv:2310.02401},
  year={2023}
}

@article{cui2023diffusionshield,
  title={Diffusionshield: A watermark for copyright protection against generative diffusion models},
  author={Cui, Yingqian and Ren, Jie and Xu, Han and He, Pengfei and Liu, Hui and Sun, Lichao and Tang, Jiliang},
  journal={arXiv preprint arXiv:2306.04642},
  year={2023}
}

@inproceedings{li2023blip,
  title={Blip-2: Bootstrapping language-image pre-training with frozen image encoders and large language models},
  author={Li, Junnan and Li, Dongxu and Savarese, Silvio and Hoi, Steven},
  booktitle={International conference on machine learning},
  pages={19730--19742},
  year={2023},
  organization={PMLR}
}

@article{krizhevsky2009learning,
  title={Learning multiple layers of features from tiny images},
  author={Krizhevsky, Alex and Hinton, Geoffrey and others},
  year={2009},
  publisher={Toronto, ON, Canada}
}

@article{russakovsky2015imagenet,
  title={Imagenet large scale visual recognition challenge},
  author={Russakovsky, Olga and Deng, Jia and Su, Hao and Krause, Jonathan and Satheesh, Sanjeev and Ma, Sean and Huang, Zhiheng and Karpathy, Andrej and Khosla, Aditya and Bernstein, Michael and others},
  journal={International journal of computer vision},
  volume={115},
  pages={211--252},
  year={2015},
  publisher={Springer}
}

@article{liu2018large,
  title={Large-scale celebfaces attributes (celeba) dataset},
  author={Liu, Ziwei and Luo, Ping and Wang, Xiaogang and Tang, Xiaoou},
  journal={Retrieved August},
  volume={15},
  number={2018},
  pages={11},
  year={2018}
}

@article{kingma2014adam,
  title={Adam: A method for stochastic optimization},
  author={Kingma, Diederik P and Ba, Jimmy},
  journal={arXiv preprint arXiv:1412.6980},
  year={2014}
}

@article{hessel2021clipscore,
  title={Clipscore: A reference-free evaluation metric for image captioning},
  author={Hessel, Jack and Holtzman, Ari and Forbes, Maxwell and Bras, Ronan Le and Choi, Yejin},
  journal={arXiv preprint arXiv:2104.08718},
  year={2021}
}

@article{heusel2017gans,
  title={Gans trained by a two time-scale update rule converge to a local nash equilibrium},
  author={Heusel, Martin and Ramsauer, Hubert and Unterthiner, Thomas and Nessler, Bernhard and Hochreiter, Sepp},
  journal={Advances in neural information processing systems},
  volume={30},
  year={2017}
}

@article{fan2023salun,
  title={Salun: Empowering machine unlearning via gradient-based weight saliency in both image classification and generation},
  author={Fan, Chongyu and Liu, Jiancheng and Zhang, Yihua and Wei, Dennis and Wong, Eric and Liu, Sijia},
  journal={arXiv preprint arXiv:2310.12508},
  year={2023}
}

@article{hu2020subjective,
  title={Subjective and objective quality assessment for image restoration: A critical survey},
  author={Hu, Bo and Li, Leida and Wu, Jinjian and Qian, Jiansheng},
  journal={Signal Processing: Image Communication},
  volume={85},
  pages={115839},
  year={2020},
  publisher={Elsevier}
}

@article{cheon2021ambiguity,
  title={Ambiguity of objective image quality metrics: A new methodology for performance evaluation},
  author={Cheon, Manri and Vigier, Toinon and Krasula, Luk{\'a}{\v{s}} and Lee, Junghyuk and Le Callet, Patrick and Lee, Jong-Seok},
  journal={Signal Processing: Image Communication},
  volume={93},
  pages={116150},
  year={2021},
  publisher={Elsevier}
}

@misc(imagen2,
    organization={Google DeepMind},
    title={Imagen 2},
    year={2024},
    howpublished={\url{https://deepmind.google/technologies/imagen-2/}}
)

@misc(dalle3,
    organization={OpenAI},
    title={DALL-E 3},
    year={2024},
    howpublished={\url{https://openai.com/dall-e-3}}
)


@article{royer2020xgan,
  title={Xgan: Unsupervised image-to-image translation for many-to-many mappings},
  author={Royer, Am{\'e}lie and Bousmalis, Konstantinos and Gouws, Stephan and Bertsch, Fred and Mosseri, Inbar and Cole, Forrester and Murphy, Kevin},
  journal={Domain Adaptation for Visual Understanding},
  pages={33--49},
  year={2020},
  publisher={Springer}
}

@inproceedings{skorokhodov2021aligning,
  title={Aligning latent and image spaces to connect the unconnectable},
  author={Skorokhodov, Ivan and Sotnikov, Grigorii and Elhoseiny, Mohamed},
  booktitle={Proceedings of the IEEE/CVF international conference on computer vision},
  pages={14144--14153},
  year={2021}
}

@misc(diffusionwallpaper,
    organization={serp.ai},
    title={Diffusion Wallpaper},
    year={2024},
    howpublished={\url{https://serp.ai/tools/diffusion-wallpaper/}}
)

@article{chefer2023hidden,
  title={The hidden language of diffusion models},
  author={Chefer, Hila and Lang, Oran and Geva, Mor and Polosukhin, Volodymyr and Shocher, Assaf and Irani, Michal and Mosseri, Inbar and Wolf, Lior},
  journal={arXiv preprint arXiv:2306.00966},
  year={2023}
}

@inproceedings{wang2003multiscale,
  title={Multiscale structural similarity for image quality assessment},
  author={Wang, Zhou and Simoncelli, Eero P and Bovik, Alan C},
  booktitle={The Thrity-Seventh Asilomar Conference on Signals, Systems \& Computers, 2003},
  volume={2},
  pages={1398--1402},
  year={2003},
  organization={Ieee}
}

@article{karras2022elucidating,
  title={Elucidating the design space of diffusion-based generative models},
  author={Karras, Tero and Aittala, Miika and Aila, Timo and Laine, Samuli},
  journal={Advances in Neural Information Processing Systems},
  volume={35},
  pages={26565--26577},
  year={2022}
}

@inproceedings{van2023anti,
  title={Anti-DreamBooth: Protecting users from personalized text-to-image synthesis},
  author={Van Le, Thanh and Phung, Hao and Nguyen, Thuan Hoang and Dao, Quan and Tran, Ngoc N and Tran, Anh},
  booktitle={Proceedings of the IEEE/CVF International Conference on Computer Vision},
  pages={2116--2127},
  year={2023}
}

@article{yu2023language,
  title={Language models are super mario: Absorbing abilities from homologous models as a free lunch},
  author={Yu, Le and Yu, Bowen and Yu, Haiyang and Huang, Fei and Li, Yongbin},
  journal={arXiv preprint arXiv:2311.03099},
  year={2023}
}

@misc{explicitdata,
  title = {tungdop2/nsfw\_caption},
  howpublished = {\url{https://huggingface.co/datasets/tungdop2/nsfw_caption},
  note = {Accessed: 2024-10-30}
}
@article{verma2024many,
  title={How Many Van Goghs Does It Take to Van Gogh? Finding the Imitation Threshold},
  author={Verma, Sahil and Rassin, Royi and Das, Arnav and Bhatt, Gantavya and Seshadri, Preethi and Shah, Chirag and Bilmes, Jeff and Hajishirzi, Hannaneh and Elazar, Yanai},
  journal={arXiv preprint arXiv:2410.15002},
  year={2024}
}
@article{serengil2024lightface,
  title     = {A Benchmark of Facial Recognition Pipelines and Co-Usability Performances of Modules},
  author    = {Serengil, Sefik and Ozpinar, Alper},
  journal   = {Journal of Information Technologies},
  volume    = {17},
  number    = {2},
  pages     = {95-107},
  year      = {2024},
  doi       = {10.17671/gazibtd.1399077},
  url       = {https://dergipark.org.tr/en/pub/gazibtd/issue/84331/1399077},
  publisher = {Gazi University}
}

@article{somepalli2024measuring,
  title={Measuring Style Similarity in Diffusion Models},
  author={Somepalli, Gowthami and Gupta, Anubhav and Gupta, Kamal and Palta, Shramay and Goldblum, Micah and Geiping, Jonas and Shrivastava, Abhinav and Goldstein, Tom},
  journal={arXiv preprint arXiv:2404.01292},
  year={2024}
}
@misc{nudenet,
  title = {NudeNet: lightweight Nudity detection},
  howpublished = {\url{https://github.com/notAI-tech/NudeNet}},
  note = {Accessed: 2024-10-30},
}
@inproceedings{jayasumana2024rethinking,
  title={Rethinking fid: Towards a better evaluation metric for image generation},
  author={Jayasumana, Sadeep and Ramalingam, Srikumar and Veit, Andreas and Glasner, Daniel and Chakrabarti, Ayan and Kumar, Sanjiv},
  booktitle={Proceedings of the IEEE/CVF Conference on Computer Vision and Pattern Recognition},
  pages={9307--9315},
  year={2024}
}

@article{podell2023sdxl,
  title={Sdxl: Improving latent diffusion models for high-resolution image synthesis},
  author={Podell, Dustin and English, Zion and Lacey, Kyle and Blattmann, Andreas and Dockhorn, Tim and M{\"u}ller, Jonas and Penna, Joe and Rombach, Robin},
  journal={arXiv preprint arXiv:2307.01952},
  year={2023}
}
@article{hessel2021clipscore,
  title={Clipscore: A reference-free evaluation metric for image captioning},
  author={Hessel, Jack and Holtzman, Ari and Forbes, Maxwell and Bras, Ronan Le and Choi, Yejin},
  journal={arXiv preprint arXiv:2104.08718},
  year={2021}
}
@article{kim2022learning,
  title={Learning debiased classifier with biased committee},
  author={Kim, Nayeong and Hwang, Sehyun and Ahn, Sungsoo and Park, Jaesik and Kwak, Suha},
  journal={Advances in Neural Information Processing Systems},
  volume={35},
  pages={18403--18415},
  year={2022}
}
@inproceedings{kahla2022label,
  title={Label-only model inversion attacks via boundary repulsion},
  author={Kahla, Mostafa and Chen, Si and Just, Hoang Anh and Jia, Ruoxi},
  booktitle={Proceedings of the IEEE/CVF conference on computer vision and pattern recognition},
  pages={15045--15053},
  year={2022}
}
@inproceedings{dash2022evaluating,
  title={Evaluating and mitigating bias in image classifiers: A causal perspective using counterfactuals},
  author={Dash, Saloni and Balasubramanian, Vineeth N and Sharma, Amit},
  booktitle={Proceedings of the IEEE/CVF Winter Conference on Applications of Computer Vision},
  pages={915--924},
  year={2022}
}

@inproceedings{kim2021testing,
  title={Testing using Privileged Information by Adapting Features with Statistical Dependence},
  author={Kim, Kwang In and Tompkin, James},
  booktitle={Proceedings of the IEEE/CVF International Conference on Computer Vision},
  pages={9405--9413},
  year={2021}
}
@inproceedings{xu2023learning,
  title={Learning dynamic style kernels for artistic style transfer},
  author={Xu, Wenju and Long, Chengjiang and Nie, Yongwei},
  booktitle={Proceedings of the IEEE/CVF Conference on Computer Vision and Pattern Recognition},
  pages={10083--10092},
  year={2023}
}

@inproceedings{jinjin2020pipal,
title={Pipal: a large-scale image quality assessment dataset for perceptual image restoration},
author={Jinjin, Gu and Haoming, Cai and Haoyu, Chen and Xiaoxing, Ye and Ren, Jimmy S and Chao, Dong},
booktitle={Computer Vision--ECCV 2020: 16th European Conference, Glasgow, UK, August 23--28, 2020, Proceedings, Part XI 16},
pages={633--651},
year={2020},
organization={Springer}
}

@inproceedings{zhang2018unreasonable,
title={The unreasonable effectiveness of deep features as a perceptual metric},
author={Zhang, Richard and Isola, Phillip and Efros, Alexei A and Shechtman, Eli and Wang, Oliver},
booktitle={Proceedings of the IEEE conference on computer vision and pattern recognition},
pages={586--595},
year={2018}
}

@inproceedings{liu2015faceattributes,
title = {Deep Learning Face Attributes in the Wild},
author = {Liu, Ziwei and Luo, Ping and Wang, Xiaogang and Tang, Xiaoou},
booktitle = {Proceedings of International Conference on Computer Vision (ICCV)},
month = {December},
year = {2015} 
}
@inproceedings{kumar2009attribute,
title={Attribute and simile classifiers for face verification},
author={Kumar, Neeraj and Berg, Alexander C and Belhumeur, Peter N and Nayar, Shree K},
booktitle={2009 IEEE 12th international conference on computer vision},
pages={365--372},
year={2009},
organization={IEEE}
}

@inproceedings{zhang2020global,
title={Global-Local GCN: Large-Scale Label Noise Cleansing for Face Recognition},
author={Zhang, Yaobin and Deng, Weihong and Wang, Mei and Hu, Jiani and Li, Xian and Zhao, Dongyue and Wen, Dongchao},
booktitle={Proceedings of the IEEE/CVF Conference on Computer Vision and Pattern Recognition},
pages={7731--7740},
year={2020}
}

@article{artgan2018,
title={Improved ArtGAN for Conditional Synthesis of Natural Image and Artwork},
author={Tan, Wei Ren and Chan, Chee Seng and Aguirre, Hernan and Tanaka, Kiyoshi},
journal={IEEE Transactions on Image Processing},
volume    = {28},
number    = {1},
pages     = {394--409},
year      = {2019},
url       = {https://doi.org/10.1109/TIP.2018.2866698},
doi       = {10.1109/TIP.2018.2866698}
}

@article{schuhmann2022laion,
title={Laion-5b: An open large-scale dataset for training next generation image-text models},
author={Schuhmann, Christoph and Beaumont, Romain and Vencu, Richard and Gordon, Cade and Wightman, Ross and Cherti, Mehdi and Coombes, Theo and Katta, Aarush and Mullis, Clayton and Wortsman, Mitchell and others},
journal={Advances in Neural Information Processing Systems},
volume={35},
pages={25278--25294},
year={2022}
}