@article{chwialkowski2015fast,
  title={Fast two-sample testing with analytic representations of probability measures},
  author={Chwialkowski, Kacper P and Ramdas, Aaditya and Sejdinovic, Dino and Gretton, Arthur},
  journal={Advances in Neural Information Processing Systems},
  volume={28},
  year={2015}
}

@article{garreau2017large,
  title={Large sample analysis of the median heuristic},
  author={Garreau, Damien and Jitkrittum, Wittawat and Kanagawa, Motonobu},
  journal={arXiv preprint arXiv:1707.07269},
  year={2017}
}

@inproceedings{kirchler2020two,
  title={Two-sample testing using deep learning},
  author={Kirchler, Matthias and Khorasani, Shahryar and Kloft, Marius and Lippert, Christoph},
  booktitle={International Conference on Artificial Intelligence and Statistics},
  pages={1387--1398},
  year={2020},
  organization={PMLR}
}

@inproceedings{
chen2021learning,
title={Learning Neural Event Functions for Ordinary Differential Equations},
author={Ricky T. Q. Chen and Brandon Amos and Maximilian Nickel},
booktitle={International Conference on Learning Representations},
year={2021},
}

@article{mohamed2020monte,
  title={Monte carlo gradient estimation in machine learning},
  author={Mohamed, Shakir and Rosca, Mihaela and Figurnov, Michael and Mnih, Andriy},
  journal={Journal of Machine Learning Research},
  volume={21},
  number={132},
  pages={1--62},
  year={2020}
}

@inproceedings{suh2022differentiable,
  title={Do differentiable simulators give better policy gradients?},
  author={Suh, Hyung Ju and Simchowitz, Max and Zhang, Kaiqing and Tedrake, Russ},
  booktitle={International Conference on Machine Learning},
  pages={20668--20696},
  year={2022},
  organization={PMLR}
}

@inproceedings{mechanics,
  title={The Mechanics of $n$-Player Differentiable Games},
  author={Balduzzi, David and Racanière, Sébastien and Martens, James and Foerster, Jakob and Tuyls, Karl and Graepel, Thore},
  booktitle={Proceedings of the International Conference on Machine Learning},
  year={2018}
}

@article{albergo2023stochastic,
  title={Stochastic interpolants: A unifying framework for flows and diffusions},
  author={Albergo, Michael S and Boffi, Nicholas M and Vanden-Eijnden, Eric},
  journal={arXiv preprint arXiv:2303.08797},
  year={2023}
}

@book{gibbs2010elementary, 
    place={Cambridge}, 
    series={Cambridge Library Collection - Mathematics},
    title={Elementary Principles in Statistical Mechanics: Developed with Especial Reference to the Rational Foundation of Thermodynamics}, 
    publisher={Cambridge University Press}, 
    author={Gibbs, Josiah Willard}, 
    year={2010}, 
    collection={Cambridge Library Collection - Mathematics}
}

@article{lecun2006tutorial,
  title={A tutorial on energy-based learning},
  author={LeCun, Yann and Chopra, Sumit and Hadsell, Raia and Ranzato, M and Huang, F},
  year={2006}
}

@article{dhariwal2021diffusion,
  title={Diffusion Models Beat GANs on Image Synthesis},
  author={Dhariwal, Prafulla and Nichol, Alex},
  journal={arXiv preprint arXiv:2105.05233},
  year={2021}
}

@article{jolicoeur2020adversarial,
  title={Adversarial score matching and improved sampling for image generation},
  author={Jolicoeur-Martineau, Alexia and Pich{\'e}-Taillefer, R{\'e}mi and Combes, R{\'e}mi Tachet des and Mitliagkas, Ioannis},
  journal={arXiv preprint arXiv:2009.05475},
  year={2020}
}

@article{kadkhodaie2020solving,
  title={Solving linear inverse problems using the prior implicit in a denoiser},
  author={Kadkhodaie, Zahra and Simoncelli, Eero P},
  journal={arXiv preprint arXiv:2007.13640},
  year={2020}
}

@article{porretta_weak_2015,
  title = {Weak {{Solutions}} to {{Fokker}}\textendash{{Planck Equations}} and {{Mean Field Games}}},
  author = {Porretta, Alessio},
  year = {2015},
  month = apr,
  volume = {216},
  pages = {1--62},
  issn = {0003-9527, 1432-0673},
  doi = {10/f64gfr},
  journal = {Arch. Rational Mech. Anal.},
  language = {en},
  number = {1}
}

@article{kingma2013auto,
  title={Auto-encoding variational bayes},
  author={Kingma, Diederik P and Welling, Max},
  journal={arXiv preprint arXiv:1312.6114},
  year={2013}
}

@article{ranzato2007efficient,
  title={Efficient learning of sparse representations with an energy-based model},
  author={Ranzato, Marc and Poultney, Christopher and Chopra, Sumit and others},
  year={2007}
}

@article{block2020generative,
  title={Generative modeling with denoising auto-encoders and Langevin sampling},
  author={Block, Adam and Mroueh, Youssef and Rakhlin, Alexander},
  journal={arXiv preprint arXiv:2002.00107},
  year={2020}
}


@inproceedings{chizat2020implicit,
  title={Implicit bias of gradient descent for wide two-layer neural networks trained with the logistic loss},
  author={Chizat, Lenaic and Bach, Francis},
  booktitle={Conference on Learning Theory},
  pages={1305--1338},
  year={2020},
  organization={PMLR}
}

@inproceedings{savarese2019infinite,
  title={How do infinite width bounded norm networks look in function space?},
  author={Savarese, Pedro and Evron, Itay and Soudry, Daniel and Srebro, Nathan},
  booktitle={Conference on Learning Theory},
  year={2019}
}

@inproceedings{ongie2019function,
  title={A Function Space View of Bounded Norm Infinite Width ReLU Nets: The Multivariate Case},
  author={Ongie, Greg and Willett, Rebecca and Soudry, Daniel and Srebro, Nathan},
  booktitle={International Conference on Learning Representations (ICLR 2020)},
  year={2019}
}

@inproceedings{woodworth2020kernel,
  title={Kernel and rich regimes in overparametrized models},
  author={Woodworth, Blake and Gunasekar, Suriya and Lee, Jason D and Moroshko, Edward and Savarese, Pedro and Golan, Itay and Soudry, Daniel and Srebro, Nathan},
  booktitle={Conference on Learning Theory},
  year={2020}
}

@inproceedings{du2019implicit,
  title={Implicit generation and generalization in energy-based models},
  author={Du, Yilun and Mordatch, Igor},
  booktitle={Advances in Neural Information Processing Systems (NeurIPS)},
  year={2019}
}

@article{lei2019sgd,
  title={{SGD} Learns One-Layer Networks in {WGANs}},
  author={Lei, Qi and Lee, Jason D and Dimakis, Alexandros G and Daskalakis, Constantinos},
  journal={arXiv preprint arXiv:1910.07030},
  year={2019}
}

@article{sanjabi2018solving,
  title={Solving non-convex non-concave min-max games under PolyakLojasiewicz condition},
  author={Sanjabi, Maziar and Razaviyayn, Meisam and Lee, Jason D},
  journal={arXiv preprint arXiv:1812.02878},
  year={2018}
}

@article{chizat2015unbalanced,
  title={Unbalanced Optimal Transport: Dynamic and {Kantorovich} Formulation},
  author={Chizat, Lenaic and Peyré, Gabriel and Schmitzer, Bernhard and Vialard, François-Xavier},
  journal={arXiv preprint arXiv:1508.05216},
  year={2015}
}

@article{chizat2018unbalanced,
    title = {Unbalanced optimal transport: Dynamic and Kantorovich formulations},
    journal = {Journal of Functional Analysis},
    volume = {274},
    number = {11},
    pages = {3090-3123},
    year = {2018},
    author = {Lénaïc Chizat and Gabriel Peyré and Bernhard Schmitzer and François-Xavier Vialard},
}

@article{kondratyev2016new,
  title={A new optimal transport distance on the space of finite {Radon} measures},
  author={Kondratyev, Stanislav and Monsaingeon, L{\'e}onard and Vorotnikov, Dmitry and others},
  journal={Advances in Differential Equations},
  volume={21},
  number={11/12},
  pages={1117--1164},
  year={2016},
  publisher={Khayyam Publishing, Inc.}
}

@article{aronson_local_1967,
  title = {Local Behavior of Solutions of Quasilinear Parabolic Equations},
  author = {Aronson, D. G. and Serrin, James},
  year = {1967},
  month = jan,
  volume = {25},
  pages = {81--122},
  issn = {0003-9527, 1432-0673},
  doi = {10/dwv9tq},
  journal = {Arch. Rational Mech. Anal.},
  language = {en},
  number = {2}
}

@inproceedings{sos,
  title={Stable Opponent Shaping in Differentiable Games},
  author={Letcher, Alistair and Foerster, Jakob and Balduzzi, David and Rocktäschel, Tim and Whiteson, Shimon},
  booktitle={International Conference on Learning Representations},
  year={2019}
}

@inproceedings{zhanglesser,
  title={Multi-Agent Learning with Policy Prediction},
  author={Zhang, Chongjie and Lesser, Victor},
  booktitle={Proceedings of the AAAI Conference on Artificial Intelligence},
  year={2010}
}

@article{arjovsky2017wasserstein,
  title={Wasserstein gan},
  author={Arjovsky, Martin and Chintala, Soumith and Bottou, Leon},
  journal={arXiv preprint arXiv:1701.07875},
  year={2017}
}

@article{haber2017stable,
  title={Stable architectures for deep neural networks},
  author={Haber, Eldad and Ruthotto, Lars},
  journal={Inverse problems},
  volume={34},
  number={1},
  pages={014004},
  year={2017},
  publisher={IOP Publishing}
}

@article{fan2024reinforcement,
  title={Reinforcement learning for fine-tuning text-to-image diffusion models},
  author={Fan, Ying and Watkins, Olivia and Du, Yuqing and Liu, Hao and Ryu, Moonkyung and Boutilier, Craig and Abbeel, Pieter and Ghavamzadeh, Mohammad and Lee, Kangwook and Lee, Kimin},
  journal={Advances in Neural Information Processing Systems},
  volume={36},
  year={2024}
}

@article{todorov2006linearly,
  title={Linearly-solvable Markov decision problems},
  author={Todorov, Emanuel},
  journal={Advances in neural information processing systems},
  volume={19},
  year={2006}
}

@inproceedings{lola,
  title={Learning with Opponent-Learning Awareness},
  author={Foerster, Jakob and Chen, Richard Y. and Al-Shedivat, Maruan and Whiteson, Shimon and Abbeel, Pieter and Mordatch, Igor},
  booktitle={Proceedings of the International Conference on Autonomous Agents and Multi-Agent Systems},
  year={2018}
}

@article{singer2022make,
  title={Make-a-video: Text-to-video generation without text-video data},
  author={Singer, Uriel and Polyak, Adam and Hayes, Thomas and Yin, Xi and An, Jie and Zhang, Songyang and Hu, Qiyuan and Yang, Harry and Ashual, Oron and Gafni, Oran and others},
  journal={arXiv preprint arXiv:2209.14792},
  year={2022}
}

@inproceedings{rombach2022high,
  title={High-resolution image synthesis with latent diffusion models},
  author={Rombach, Robin and Blattmann, Andreas and Lorenz, Dominik and Esser, Patrick and Ommer, Bj{\"o}rn},
  booktitle={Proceedings of the IEEE/CVF conference on computer vision and pattern recognition},
  pages={10684--10695},
  year={2022}
}

@inproceedings{esser2024scaling,
  title={Scaling rectified flow transformers for high-resolution image synthesis},
  author={Esser, Patrick and Kulal, Sumith and Blattmann, Andreas and Entezari, Rahim and M{\"u}ller, Jonas and Saini, Harry and Levi, Yam and Lorenz, Dominik and Sauer, Axel and Boesel, Frederic and others},
  booktitle={Forty-first International Conference on Machine Learning},
  year={2024}
}

@article{le2024voicebox,
  title={Voicebox: Text-guided multilingual universal speech generation at scale},
  author={Le, Matthew and Vyas, Apoorv and Shi, Bowen and Karrer, Brian and Sari, Leda and Moritz, Rashel and Williamson, Mary and Manohar, Vimal and Adi, Yossi and Mahadeokar, Jay and others},
  journal={Advances in neural information processing systems},
  volume={36},
  year={2024}
}

@article{vyas2023audiobox,
  title={Audiobox: Unified audio generation with natural language prompts},
  author={Vyas, Apoorv and Shi, Bowen and Le, Matthew and Tjandra, Andros and Wu, Yi-Chiao and Guo, Baishan and Zhang, Jiemin and Zhang, Xinyue and Adkins, Robert and Ngan, William and others},
  journal={arXiv preprint arXiv:2312.15821},
  year={2023}
}

@article{bubeck_monograph,
  author    = {Bubeck, Sébastien},
  title     = {Convex Optimization: Algorithms and Complexity},
  journal   = {Foundations and Trends in Machine Learning},
  volume    = {8},
  number    = {3-4},
  pages     = {231--357},
  year      = {2015}
}

@article{maoutsa2020interacting,
  title={Interacting particle solutions of fokker--planck equations through gradient--log--density estimation},
  author={Maoutsa, Dimitra and Reich, Sebastian and Opper, Manfred},
  journal={Entropy},
  volume={22},
  number={8},
  pages={802},
  year={2020},
  publisher={MDPI}
}
 
@article{solving,
  author    = {Juditsky, Anatoli and Nemirovski, Arkadi and Tauvel, Claire},
  title     = {Solving variational inequalities with stochastic mirror-prox algorithm},
  journal   = {Stochastic Systems},
  volume    = {1},
  number    = {1},
  pages     = {17--58},
  year      = {2011}
}

@article{facchinei2007generalized,
  title={Generalized Nash equilibrium problems},
  author={Facchinei, Francisco and Kanzow, Christian},
  journal={4or},
  volume={5},
  number={3},
  pages={173--210},
  year={2007},
}

@article{harker1990finite,
  title={Finite-dimensional variational inequality and nonlinear complementarity problems: a survey of theory, algorithms and applications},
  author={Harker, Patrick T and Pang, Jong-Shi},
  journal={Mathematical Programming},
  volume={48},
  number={1-3},
  pages={161--220},
  year={1990},
  publisher={Springer}
}

@article{korpelevich1976extragradient,
  title={The extragradient method for finding saddle points and other problems},
  author={Korpelevich, GM},
  journal={Matecon},
  volume={12},
  pages={747--756},
  year={1976}
}

@article{nemirovski2004prox,
  title={Prox-method with rate of convergence $O(1/t)$ for variational inequalities with {Lipschitz} continuous monotone operators and smooth convex-concave saddle point problems},
  author={Nemirovski, Arkadi},
  journal={SIAM Journal on Optimization},
  volume={15},
  number={1},
  pages={229--251},
  year={2004},
  publisher={SIAM}
}

@article{nesterov2007dual,
  title={Dual extrapolation and its applications to solving variational inequalities and related problems},
  author={Nesterov, Yurii},
  journal={Mathematical Programming},
  volume={109},
  number={2-3},
  pages={319--344},
  year={2007},
  publisher={Springer}
}

@inproceedings{yousefian2014optimal,
  title={Optimal robust smoothing extragradient algorithms for stochastic variational inequality problems},
  author={Yousefian, Farzad and Nedi{\'c}, Angelia and Shanbhag, Uday V},
  booktitle={53rd IEEE Conference on Decision and Control},
  pages={5831--5836},
  year={2014},
  organization={IEEE}
}

@article{iusem2017extragradient,
  title={Extragradient method with variance reduction for stochastic variational inequalities},
  author={Iusem, AN and Jofr{\'e}, Alejandro and Oliveira, Roberto I and Thompson, Philip},
  journal={SIAM Journal on Optimization},
  volume={27},
  number={2},
  pages={686--724},
  year={2017},
  publisher={SIAM}
}

@inproceedings{optimistic,
  title={Optimistic mirror descent in saddle-point problems: Going the extra (gradient) mile},
  author={Mertikopoulos, Panayotis and Lecouat, Bruno and Zenati, Houssam and Foo, Chuan-Sheng and Chandrasekhar, Vijay and Piliouras, Georgios},
  booktitle={International Conference on Learning Representations},
  year={2019}
 }
 
 @article{yousefian2018stochastic,
  title={On stochastic mirror-prox algorithms for stochastic Cartesian variational inequalities: Randomized block coordinate and optimal averaging schemes},
  author={Yousefian, Farzad and Nedi{\'c}, Angelia and Shanbhag, Uday V},
  journal={Set-Valued and Variational Analysis},
  volume={26},
  number={4},
  pages={789--819},
  year={2018},
  publisher={Springer}
}

@article{lin2018solving,
  title={Solving weakly-convex-weakly-concave saddle-point problems as weakly-monotone variational inequality},
  author={Lin, Qihang and Liu, Mingrui and Rafique, Hassan and Yang, Tianbao},
  journal={arXiv preprint arXiv:1810.10207},
  year={2018}
}

@inproceedings{nouiehed2019solving,
  title={Solving a class of non-convex min-max games using iterative first order methods},
  author={Nouiehed, Maher and Sanjabi, Maziar and Huang, Tianjian and Lee, Jason D and Razaviyayn, Meisam},
  booktitle={Advances in Neural Information Processing Systems},
  pages={14905--14916},
  year={2019}
}

@inproceedings{daskalakis2018limit,
  title={The limit points of (optimistic) gradient descent in min-max optimization},
  author={Daskalakis, Constantinos and Panageas, Ioannis},
  booktitle={Advances in Neural Information Processing Systems},
  pages={9236--9246},
  year={2018}
}

@article{adolphs2018local,
  title={Local saddle point optimization: A curvature exploitation approach},
  author={Adolphs, Leonard and Daneshmand, Hadi and Lucchi, Aurelien and Hofmann, Thomas},
  journal={arXiv preprint arXiv:1805.05751},
  year={2018}
}

 

 



@inproceedings{reducing2019chavdarova,
  title={Reducing Noise in {{GAN}} Training with Variance Reduced Extragradient},
  author={Chavdarova, Tatjana and Gidel, Gauthier and Fleuret, Francois and Foo, Chuan-Sheng and Lacoste-Julien, Simon},
  booktitle={Advances in Neural Information Processing Systems},
  year={2019}
 }
 
 @inproceedings{palaniappan2016stochastic,
  title={Stochastic variance reduction methods for saddle-point problems},
  author={Palaniappan, Balamurugan and Bach, Francis},
  booktitle={Advances in Neural Information Processing Systems},
  pages={1416--1424},
  year={2016}
}


@inproceedings{universal2019bach,
  title={A universal algorithm for variational inequalities adaptive to smoothness and noise},
  author={Bach, Francis and Levy, Kfir},
  booktitle={Proceedings of the Conference on Learning Theory},
  year={2019}
 }
 
 @inproceedings{bowling2001rational,
  title={Rational and convergent learning in stochastic games},
  author={Bowling, Michael and Veloso, Manuela},
  year={2001},
  booktitle={Proceedings of the International Joint Conference on Artificial intelligence},
  pages={1021--1026}
}

@article{conitzer2007awesome,
  title={{{AWESOME}}: A general multiagent learning algorithm that converges in self-play and learns a best response against stationary opponents},
  author={Conitzer, Vincent and Sandholm, Tuomas},
  journal={Machine Learning},
  volume={67},
  number={1-2},
  pages={23--43},
  year={2007},
  publisher={Springer}
}

@inproceedings{daskalakis2018training,
  title={Training {{GANs}} with Optimism},
  author={Daskalakis, Constantinos and Ilyas, Andrew and Syrgkanis, Vasilis and Zeng, Haoyang},
  booktitle={International Conference on Learning Representations},
  year={2018}
}

@inproceedings{mescheder2017numerics,
  title={The numerics of {{GANs}}},
  author={Mescheder, Lars and Nowozin, Sebastian and Geiger, Andreas},
  booktitle={Advances in Neural Information Processing Systems},
  pages={1825--1835},
  year={2017}
}


@inproceedings{nagarajan2017gradient,
  title={Gradient descent {{GAN}} optimization is locally stable},
  author={Nagarajan, Vaishnavh and Kolter, J Zico},
  booktitle={Advances in Neural Information Processing Systems},
  pages={5585--5595},
  year={2017}
}

@inproceedings{heusel2017gans,
  title={{{GANs}} trained by a two time-scale update rule converge to a local {{Nash}} equilibrium},
  author={Heusel, Martin and Ramsauer, Hubert and Unterthiner, Thomas and Nessler, Bernhard and Hochreiter, Sepp},
  booktitle={Advances in Neural Information Processing Systems},
  pages={6626--6637},
  year={2017}
}

@inproceedings{gidel2018variational,
  title={A variational inequality perspective on generative adversarial networks},
  author={Gidel, Gauthier and Berard, Hugo and Vignoud, Ga{\"e}tan and Vincent, Pascal and Lacoste-Julien, Simon},
  booktitle={International Conference on Learning Representations},
  year={2019}
}

@article{mazumdar2019finding,
  title={On finding local {{Nash}} equilibria (and only local {{Nash}} equilibria) in zero-sum games},
  author={Mazumdar, Eric V and Jordan, Michael I and Sastry, S Shankar},
  journal={arXiv:1901.00838},
  year={2019}
}

@inproceedings{goodfellow2014generative,
  title={Generative adversarial nets},
  author={Goodfellow, Ian and Pouget-Abadie, Jean and Mirza, Mehdi and Xu, Bing and Warde-Farley, David and Ozair, Sherjil and Courville, Aaron and Bengio, Yoshua},
  booktitle={Advances in Neural Information Processing Systems},
  pages={2672--2680},
  year={2014}
}

@inproceedings{pathak2017curiosity,
  title={Curiosity-driven exploration by self-supervised prediction},
  author={Pathak, Deepak and Agrawal, Pulkit and Efros, Alexei A and Darrell, Trevor},
  booktitle={Proceedings of the IEEE Conference on Computer Vision and Pattern Recognition Workshops},
  pages={16--17},
  year={2017}
}

@inproceedings{racaniere2017imagination,
  title={Imagination-augmented agents for deep reinforcement learning},
  author={Racani{\`e}re, S{\'e}bastien and Weber, Th{\'e}ophane and Reichert, David and Buesing, Lars and Guez, Arthur and Rezende, Danilo Jimenez and Badia, Adria Puigdomenech and Vinyals, Oriol and Heess, Nicolas and Li, Yujia and others},
  booktitle={Advances in Neural Information Processing Systems},
  pages={5690--5701},
  year={2017}
}

@inproceedings{jaderberg2017decoupled,
  title={Decoupled neural interfaces using synthetic gradients},
  author={Jaderberg, Max and Czarnecki, Wojciech Marian and Osindero, Simon and Vinyals, Oriol and Graves, Alex and Silver, David and Kavukcuoglu, Koray},
  booktitle={Proceedings of the International Conference on Machine Learning},
  pages={1627--1635},
  year={2017},
}

@article{wayne2014hierarchical,
  title={Hierarchical control using networks trained with higher-level forward models},
  author={Wayne, Greg and Abbott, LF},
  journal={Neural Computation},
  volume={26},
  number={10},
  pages={2163--2193},
  year={2014},
}

@inproceedings{vezhnevets2017feudal,
  title={Feudal networks for hierarchical reinforcement learning},
  author={Vezhnevets, Alexander Sasha and Osindero, Simon and Schaul, Tom and Heess, Nicolas and Jaderberg, Max and Silver, David and Kavukcuoglu, Koray},
  booktitle={Proceedings of the International Conference on Machine Learning},
  pages={3540--3549},
  year={2017},
}

@article{bu2008comprehensive,
  title={A comprehensive survey of multi-agent reinforcement learning},
  author={Bu, Lucian and Babu, Robert and De Schutter, Bart and others},
  journal={IEEE Transactions on Systems, Man, and Cybernetics, Part C (Applications and Reviews)},
  volume={38},
  number={2},
  pages={156--172},
  year={2008},
}

@article{daskalakis2009complexity,
  title={The complexity of computing a {{Nash}} equilibrium},
  author={Daskalakis, Constantinos and Goldberg, Paul W and Papadimitriou, Christos H},
  journal={SIAM Journal on Computing},
  volume={39},
  number={1},
  pages={195--259},
  year={2009},
  publisher={SIAM}
}

@article{jin2019minmax,
  title={Minmax optimization: Stable limit points of gradient descent ascent are locally optimal},
  author={Jin, Chi and Netrapalli, Praneeth and Jordan, Michael I},
  journal={arXiv preprint arXiv:1902.00618},
  year={2019}
}

@article{oliehoek2018beyond,
  title={Beyond local nash equilibria for adversarial networks},
  author={Oliehoek, Frans A and Savani, Rahul and Gallego, Jose and van der Pol, Elise and Gro{\ss}, Roderich},
  journal={arXiv preprint arXiv:1806.07268},
  year={2018}
}

@article{grnarova2017online,
  title={An online learning approach to generative adversarial networks},
  author={Grnarova, Paulina and Levy, Kfir Y and Lucchi, Aurelien and Hofmann, Thomas and Krause, Andreas},
  journal={arXiv preprint arXiv:1706.03269},
  year={2017}
}

@inproceedings{arora2017generalization,
  title={Generalization and equilibrium in generative adversarial nets {(GANs)}},
  author={Arora, Sanjeev and Ge, Rong and Liang, Yingyu and Ma, Tengyu and Zhang, Yi},
  booktitle={Proceedings of the 34th International Conference on Machine Learning-Volume 70},
  pages={224--232},
  year={2017},
  organization={JMLR. org}
}

@inproceedings{balandat2016minimizing,
  title={Minimizing regret on reflexive Banach spaces and Nash equilibria in continuous zero-sum games},
  author={Balandat, Maximilian and Krichene, Walid and Tomlin, Claire and Bayen, Alexandre},
  booktitle={Advances in Neural Information Processing Systems},
  pages={154--162},
  year={2016}
}

@article{hsieh2018finding,
  title={Finding Mixed Nash Equilibria of Generative Adversarial Networks},
  author={Hsieh, Ya-Ping and Liu, Chen and Cevher, Volkan},
  journal={arXiv preprint arXiv:1811.02002},
  year={2018}
}


@article{silver2018general,
  title={A general reinforcement learning algorithm that masters chess, shogi, and Go through self-play},
  author={Silver, David and Hubert, Thomas and Schrittwieser, Julian and Antonoglou, Ioannis and Lai, Matthew and Guez, Arthur and Lanctot, Marc and Sifre, Laurent and Kumaran, Dharshan and Graepel, Thore and others},
  journal={Science},
  volume={362},
  number={6419},
  pages={1140--1144},
  year={2018},
}

@inproceedings{balduzzi2019open,
  title={Open-ended learning in symmetric zero-sum games},
  author={Balduzzi, David and Garnelo, Marta and Bachrach, Yoram and Czarnecki, Wojciech M and Perolat, Julien and Jaderberg, Max and Graepel, Thore},
  journal={Proceedings of the International Conference in Machine Learning},
  year={2019}
}

@inproceedings{bansal2017emergent,
  title={Emergent complexity via multi-agent competition},
  author={Bansal, Trapit and Pachocki, Jakub and Sidor, Szymon and Sutskever, Ilya and Mordatch, Igor},
  booktitle={International Conference on Learning Representations},
  year={2018}
}

@inproceedings{lee2016gradient,
  title={Gradient descent only converges to minimizers},
  author={Lee, Jason D and Simchowitz, Max and Jordan, Michael I and Recht, Benjamin},
  booktitle={Annual Conference on Learning Theory},
  pages={1246--1257},
  year={2016}
}


@article{magnanti1997averaging,
  title={Averaging schemes for variational inequalities and systems of equations},
  author={Magnanti, Thomas L and Perakis, Georgia},
  journal={Mathematics of Operations Research},
  volume={22},
  number={3},
  pages={568--587},
  year={1997},
}


@inproceedings{jou2016deep,
  title={Deep cross residual learning for multitask visual recognition},
  author={Jou, Brendan and Chang, Shih-Fu},
  booktitle={Proceedings of the ACM international Conference on Multimedia},
  pages={998--1007},
  year={2016},
}

@article{robbins1951stochastic,
  title={A stochastic approximation method},
  author={Robbins, Herbert and Monro, Sutton},
  journal={The Annals of Mathematical Statistics},
  pages={400--407},
  year={1951},
}

@inproceedings{bottou2010large,
  title={Large-scale machine learning with stochastic gradient descent},
  author={Bottou, L{\'e}on},
  booktitle={Proceedings of COMPSTAT'2010},
  pages={177--186},
  year={2010},
}

@inproceedings{defazio2014saga,
  title={{{SAGA}}: A fast incremental gradient method with support for non-strongly convex composite objectives},
  author={Defazio, Aaron and Bach, Francis and Lacoste-Julien, Simon},
  booktitle={Advances in Neural Information Processing Systems},
  pages={1646--1654},
  year={2014}
}

@article{nemirovski2010accuracy,
  title={Accuracy certificates for computational problems with convex structure},
  author={Nemirovski, Arkadi and Onn, Shmuel and Rothblum, Uriel G},
  journal={Mathematics of Operations Research},
  volume={35},
  number={1},
  pages={52--78},
  year={2010},
}

@article{nedic2009subgradient,
  title={Subgradient methods for saddle-point problems},
  author={Nedi{\'c}, Angelia and Ozdaglar, Asuman},
  journal={Journal of Optimization Theory and Applications},
  volume={142},
  number={1},
  pages={205--228},
  year={2009},
}

@inproceedings{bottou2008tradeoffs,
  title={The tradeoffs of large scale learning},
  author={Bottou, L{\'e}on and Bousquet, Olivier},
  booktitle={Advances in Neural Information Processing Systems},
  pages={161--168},
  year={2008}
}

@inproceedings{ganin2014unsupervised,
  title={Unsupervised domain adaptation by backpropagation},
  author={Ganin, Yaroslav and Lempitsky, Victor},
  booktitle={Proceedings of the International Conference on Machine Learning},
  year={2014}
}


@inproceedings{kim_robust_2006,
  author = {Kim, Seung-Jean and Magnani, Alessandro and Boyd, Stephen},
  booktitle = {Advances in {{Neural Information Processing Systems}}},
  title = {Robust {{Fisher}} Discriminant Analysis},
  year = {2006}
}




@inproceedings{durugkar2016generative,
  title={Generative multi-adversarial networks},
  author={Durugkar, Ishan and Gemp, Ian and Mahadevan, Sridhar},
  journal={International Conference on Learning Representations},
  year={2016}
}

@book{coulouris2005distributed,
  title={Distributed systems: concepts and design},
  author={Coulouris, George F and Dollimore, Jean and Kindberg, Tim},
  year={2005},
  publisher={Person Education}
}

@book{lax2002functional,
  title={Functional analysis},
  author={Lax, Peter D.},
  year={2002},
  publisher={Wiley-Interscience}
}


@article{nash1951non,
  title={Non-cooperative games},
  author={Nash, John},
  journal={Annals of Mathematics},
  pages={286--295},
  year={1951},
  publisher={JSTOR}
}


@inproceedings{rockafellar_monotone_1970,
  author = {Rockafellar, R. T.},
  booktitle = {Proceedings of {{Symposia}} in {{Pure Mathematics}}},
  pages = {241-250},
  title = {Monotone operators associated with saddle-functions and minimax problems},
  volume = {18.1},
  year = {1970}
}


@article{chambolle_firstorder_2011,
  author = {Chambolle, Antonin and Pock, Thomas},
  journal = {Journal of Mathematical Imaging and Vision},
  language = {en},
  number = {1},
  pages = {120-145},
  title = {A First-Order Primal-Dual Algorithm for Convex Problems with Applications to Imaging},
  volume = {40},
  year = {2011}
}

@book{nemirovsky1983problem,
  title={Problem complexity and method efficiency in optimization},
  author={Nemirovsky, Arkadii Semenovich and Yudin, David Borisovich},
  year={1983},
  publisher={Wiley}
}

@article{robbins_stochastic_1951,
  author = {Robbins, Herbert and Monro, Sutton},
  journal = {The Annals of Mathematical Statistics},
  number = {3},
  pages = {400-407},
  title = {A Stochastic Approximation Method},
  volume = {22},
  year = {1951}
}

@article{duchi_adaptive_2011,
  author = {Duchi, John and Hazan, Elad and Singer, Yoram},
  journal = {Journal of Machine Learning Research},
  pages = {2121--2159},
  title = {Adaptive Subgradient Methods for Online Learning and Stochastic Optimization},
  volume = {12},
  year = {2011}
}

@article{neal2011mcmc,
  title={{{MCMC}} using {{Hamiltonian}} dynamics},
  author={Neal, Radford M and others},
  journal={Handbook of {{Markov}} {{Chain}} {{Monte}} {{Carlo}}},
  volume={2},
  number={11},
  pages={2},
  year={2011}
}


@article{li_faster_2018,
  author = {Li, Xingguo and Zhao, Tuo and Arora, Raman and Liu, Han and Hong, Mingyi},
  journal = {Journal of Machine Learning Research},
  number = {184},
  pages = {1-24},
  title = {On Faster Convergence of Cyclic Block Coordinate Descent-Type Methods for Strongly Convex Minimization},
  volume = {18},
  year = {2018}
}


@inproceedings{gulrajani_improved_2017,
  title={Improved training of {{Wasserstein}} {{GANs}}},
  author={Gulrajani, Ishaan and Ahmed, Faruk and Arjovsky, Martin and Dumoulin, Vincent and Courville, Aaron C},
  booktitle={Advances in Neural Information Processing Systems},
  pages={5767--5777},
  year={2017}
}

@inproceedings{he2016deep,
  title={Deep residual learning for image recognition},
  author={He, Kaiming and Zhang, Xiangyu and Ren, Shaoqing and Sun, Jian},
  booktitle={Proceedings of the IEEE Conference on Computer Vision and Pattern Recognition},
  pages={770--778},
  year={2016}
}

@techreport{krizhevsky2009learning,
  title={Learning multiple layers of features from tiny images},
  author={Krizhevsky, Alex and Hinton, Geoffrey},
  year={2009},
  institution={Citeseer}
}


@inproceedings{salimans_improved_2016,
  author = {Salimans, Tim and Goodfellow, Ian and Zaremba, Wojciech and Cheung, Vicki and Radford, Alec and Chen, Xi and Chen, Xi},
  booktitle = {Advances in {{Neural Information Processing Systems}}},
  pages = {2234--2242},
  title = {Improved Techniques for Training {{GANs}}},
  year = {2016}
}


@inproceedings{kingma_adam_2014,
  author = {Kingma, Diederik P. and Ba, Jimmy},
  title = {Adam: {{A Method}} for {{Stochastic Optimization}}},
  booktitle = {International Conference on Learning Representations},
  year = {2015}
}


@inproceedings{gurbuzbalaban2017cyclic,
  title={When cyclic coordinate descent outperforms randomized coordinate descent},
  author={Gurbuzbalaban, Mert and Ozdaglar, Asuman and Parrilo, Pablo A and Vanli, Nuri},
  booktitle={Advances in Neural Information Processing Systems},
  pages={6999--7007},
  year={2017}
}

@inproceedings{mnih2016asynchronous,
  title={Asynchronous methods for deep reinforcement learning},
  author={Mnih, Volodymyr and Badia, Adria Puigdomenech and Mirza, Mehdi and Graves, Alex and Lillicrap, Timothy and Harley, Tim and Silver, David and Kavukcuoglu, Koray},
  booktitle={Proceedings of the International Conference on Machine Learning},
  pages={1928--1937},
  year={2016}
}

@inproceedings{lowe2017multi,
  title={Multi-agent actor-critic for mixed cooperative-competitive environments},
  author={Lowe, Ryan and Wu, Yi and Tamar, Aviv and Harb, Jean and Abbeel, OpenAI Pieter and Mordatch, Igor},
  booktitle={Advances in Neural Information Processing Systems},
  pages={6379--6390},
  year={2017}
}

@article{gelfand1941normierte,
  title={Normierte ringe},
  author={Gelfand, Izrail},
  journal={Matematicheskii Sbornik},
  volume={9},
  number={1},
  pages={3--24},
  year={1941},
}


@inproceedings{cheung_vortices_2019,
  author = {Cheung, Yun Kuen and Piliouras, Georgios},
  booktitle = {Proceedings of the Conference on Learning Theory},
  shorttitle = {Vortices {{Instead}} of {{Equilibria}} in {{MinMax Optimization}}},
  title = {Vortices {{Instead}} of {{Equilibria}} in {{MinMax Optimization}}: {{Chaos}} and {{Butterfly Effects}} of {{Online Learning}} in {{Zero}}-{{Sum Games}}},
  year = {2019}
}



@article{rosen_existence_1965,
  author = {Rosen, J. B.},
  journal = {Econometrica},
  number = {3},
  pages = {520-534},
  title = {Existence and Uniqueness of Equilibrium Points for Concave N-Person Games},
  volume = {33},
  year = {1965}
}



@inproceedings{ratliff2013characterization,
  title={Characterization and computation of local nash equilibria in continuous games},
  author={Ratliff, Lillian J and Burden, Samuel A and Sastry, S Shankar},
  booktitle={2013 51st Annual Allerton Conference on Communication, Control, and Computing (Allerton)},
  pages={917--924},
  year={2013},
  organization={IEEE}
}


@article{nikaido_note_1955,
  author = {Nikaid{\^o}, Hukukane and Isoda, Kazuo},
  journal = {Pacific Journal of Mathematics},
  number = {Suppl. 1},
  pages = {807-815},
  title = {Note on Non-Cooperative Convex Games},
  volume = {5},
  year = {1955}
}

@article{glicksberg1952further,
  title={A further generalization of the {Kakutani} fixed point theorem, with application to {Nash} equilibrium points},
  author={Glicksberg, Irving L},
  journal={Proceedings of the American Mathematical Society},
  volume={3},
  number={1},
  pages={170--174},
  year={1952},
  publisher={JSTOR}
}


@inproceedings{chizat2018global,
  title={On the global convergence of gradient descent for over-parameterized models using optimal transport},
  author={Chizat, Lenaic and Bach, Francis},
  booktitle={Advances in neural information processing systems},
  pages={3036--3046},
  year={2018}
}

@article{mei2018mean,
  title={A mean field view of the landscape of two-layer neural networks},
  author={Mei, Song and Montanari, Andrea and Nguyen, Phan-Minh},
  journal={Proceedings of the National Academy of Sciences},
  volume={115},
  number={33},
  pages={E7665--E7671},
  year={2018},
  publisher={National Acad Sciences}
}

@article{rotskoff2018neural,
  title={Neural networks as interacting particle systems: Asymptotic convexity of the loss landscape and universal scaling of the approximation error},
  author={Rotskoff, Grant M and Vanden-Eijnden, Eric},
  journal={arXiv preprint arXiv:1805.00915},
  year={2018}
}

@inproceedings{rotskoff2019global,
    address = {Long Beach, CA, USA},
    author = {Rotskoff, Grant M and Jelassi, Samy and Bruna, Joan and Vanden-Eijnden, Eric},
    booktitle = {Proceedings of the 36th International Conference on International Conference on Machine Learning},
    title = {Global Convergence of Neuron Birth-Death Dynamics},
    year = {2019}
}

@article{sirignano2019mean,
  title={Mean field analysis of neural networks: A central limit theorem},
  author={Sirignano, Justin and Spiliopoulos, Konstantinos},
  journal={Stochastic Processes and their Applications},
  year={2019},
  publisher={Elsevier}
}

@article{nikaido1955note,
  title={Note on non-cooperative convex games},
  author={Nikaid{\^o}, Hukukane and Isoda, Kazuo and others},
  journal={Pacific Journal of Mathematics},
  volume={5},
  number={Suppl. 1},
  pages={807--815},
  year={1955},
  publisher={Pacific Journal of Mathematics}
}


@article{neumann1928theorie,
  title={Zur theorie der gesellschaftsspiele},
  author={Neumann, J v},
  journal={Mathematische annalen},
  volume={100},
  number={1},
  pages={295--320},
  year={1928},
  publisher={Springer}
}

@article{santambrogio2017euclidean,
  title={$\{$Euclidean, metric, and Wasserstein$\}$ gradient flows: an overview},
  author={Santambrogio, Filippo},
  journal={Bulletin of Mathematical Sciences},
  volume={7},
  number={1},
  pages={87--154},
  year={2017},
  publisher={Springer}
}

@article{folland2001integrate,
  title={How to integrate a polynomial over a sphere},
  author={Folland, Gerald B},
  journal={The American Mathematical Monthly},
  volume={108},
  number={5},
  pages={446--448},
  year={2001},
  publisher={Taylor \& Francis}
}

@book{taylor_stochastic_modeling,
	title = {An Introduction To Stochastic Modeling},
	author = {Taylor, Howard M. and Karlin, Samuel},
	year = {1998},
	publisher = {Academic Press},
}

@article{alpha_rank,
  title={$\alpha$-{Rank}, multi-agent evaluation by evolution},
  author={Omidshafiei, Shayegan and Papadimitriou, Christos and Piliouras, Georgios and Tuyls, Karl and Rowland, Mark and Lespiau, Jean-Baptiste and Czarnecki, Wojciech M. and Lanctot, Marc and Perolat, Julien and Munos, Remi},
  journal={arXiv:1903.01373v3},
  year={2019}
 }
 
@article{norton_fundamental,
  author    = {Norton, Douglas E.},
  title     = {The fundamental theorem of dynamical systems},
  journal   = {Commentationes Mathematicae Universitatis Carolinae},
  volume    = {36},
  number    = {3},
  pages     = {585--597},
  year      = {1995}
}

@article{souza_complete,
  author    = {Souza, Josiney A.},
  title     = {Complete {Lyapunov} functions of control systems},
  journal   = {Systems \& Control Letters},
  volume    = {61},
  number    = {2},
  pages     = {322--326},
  year      = {2012}
}

@article{posner_random,
  author    = {Posner, Edward C.},
  title     = {Random Coding Strategies for Minimum Entropy},
  journal   = {IEEE Transations on Information Theory},
  volume    = {21},
  number    = {4},
  pages     = {388--391},
  year      = {1975}
}

@article{yu_strong,
  author    = {Yu, Yao-Liang},
  title     = {The Strong Convexity of von {Neumann's} Entropy},
  year      = {2013}
}

@InProceedings{hsiehfinding2019,
  title = 	 {Finding Mixed {N}ash Equilibria of Generative Adversarial Networks},
  author = 	 {Hsieh, Ya-Ping and Liu, Chen and Cevher, Volkan},
  booktitle = 	 {Proceedings of the 36th International Conference on Machine Learning},
  pages = 	 {2810--2819},
  year = 	 {2019},
  editor = 	 {Chaudhuri, Kamalika and Salakhutdinov, Ruslan},
  volume = 	 {97},
  series = 	 {Proceedings of Machine Learning Research},
  address = 	 {Long Beach, California, USA},
  month = 	 {06},
  publisher = 	 {PMLR},
  pdf = 	 {http://proceedings.mlr.press/v97/hsieh19b/hsieh19b.pdf},
  url = 	 {http://proceedings.mlr.press/v97/hsieh19b.html},
}

@book{chirikjianstochastic,
  title={Stochastic models, information theory, and Lie groups},
  author={Chirikjian, G.S.},
  number={v. 1},
  isbn={9780817672508},
  series={Applied and numerical harmonic analysis},
  url={https://books.google.ca/books?id=lfOMoAEACAAJ},
  publisher={Birkh{\"a}user},
  year={2009}
}

@book{kallenberg2002foundations,
  title={Foundations of Modern Probability},
  author={Kallenberg, O.},
  isbn={9780387953137},
  lccn={2001032816},
  series={Probability and Its Applications},
  url={https://books.google.es/books?id=L6fhXh13OyMC},
  year={2002},
  publisher={Springer New York}
}

@article{eberlequantitative2019,
  author    = {Eberle, Andreas and Guillin, Arnaud and Zimmer, Raphael},
  title     = {Quantitative {Harris}-type theorems for diffusions and {McKean-Vlasov} processes},
  journal   = {Trans. Amer. Math. Soc.},
  volume    = {371},
  pages     = {7135--7173},
  year      = {2019}
}

@book{friedmanstochastic1975,
  title={Stochastic differential equations and applications. Vol. 1.},
  author={Friedman, A.},
  series={Probability and Mathematical Statistics},
  number={28},
  year={1975},
  publisher={Academic Press [Harcourt Brace Jovanovich Publishers]}
}

@article{bogachevuniqueness2007,
  author    = {Bogachev, V. I. and Da Prato, G. and Röckner, M. and Stannat, W.},
  title     = {Uniqueness of solutions to weak parabolic equations for measures},
  journal   = {Bulletin of the London Mathematical Society},
  volume    = {39},
  issue     = {4},
  pages     = {631-640},
  year      = {2007}
}

@article{chizat2019sparse,
  title={Sparse Optimization on Measures with Over-parameterized Gradient Descent},
  author={Chizat, Lenaic},
  journal={arXiv preprint arXiv:1907.10300v1},
  year={2019}
}

@InProceedings{sznitmantopics1991,
author="Sznitman, Alain-Sol",
editor="Hennequin, Paul-Louis",
title="Topics in propagation of chaos",
booktitle="Ecole d'Et{\'e} de Probabilit{\'e}s de Saint-Flour XIX --- 1989",
year="1991",
publisher="Springer Berlin Heidelberg",
address="Berlin, Heidelberg",
pages="165--251",
}

@article{von2004distance,
  title={Distance-Based Classification with Lipschitz Functions.},
  author={von Luxburg, Ulrike and Bousquet, Olivier},
  journal={J. Mach. Learn. Res.},
  volume={5},
  pages={669--695},
  year={2004}
}

@article{song2019generative,
  title={Generative modeling by estimating gradients of the data distribution},
  author={Song, Yang and Ermon, Stefano},
  journal={arXiv preprint arXiv:1907.05600},
  year={2019}
}



@article{lackermean2018,
  title={Mean field games and interacting particle systems},
  author={Lacker, Daniel},
  journal={Preprint},
  year={2018}
}

@InProceedings{Markowich99onthe,
    author = {P. A. Markowich and C. Villani},
    title = {On The Trend To Equilibrium For The Fokker-Planck Equation: An Interplay Between Physics And Functional Analysis},
    booktitle = {Physics and Functional Analysis, Matematica Contemporanea (SBM) 19},
    year = {1999},
    pages = {1--29}
}

@article{ma2019sampling,
  title={Sampling can be faster than optimization},
  author={Ma, Yi-An and Chen, Yuansi and Jin, Chi and Flammarion, Nicolas and Jordan, Michael I},
  journal={Proceedings of the National Academy of Sciences},
  volume={116},
  number={42},
  pages={20881--20885},
  year={2019},
  publisher={National Acad Sciences}
}

@article{Gallout2016AJS,
  title={A JKO Splitting Scheme for Kantorovich-Fisher-Rao Gradient Flows},
  author={Thomas O. Gallou{\"e}t and L{\'e}onard Monsaingeon},
  journal={SIAM J. Math. Analysis},
  year={2016},
  volume={49},
  pages={1100-1130}
}


@inproceedings{ghosh_multi-agent_2018,
	title = {Multi-Agent Diverse Generative Adversarial Networks},
	booktitle = {Proceedings of the IEEE Conference on Computer Vision and Pattern Recognition},
	author = {Ghosh, Arnab and Kulharia, Viveka and Namboodiri, Vinay and Torr, Philip H. S. and Dokania, Puneet K.},
	year = {2018},
}

@Article{Liero2018,
author="Liero, Matthias
and Mielke, Alexander
and Savar{\'e}, Giuseppe",
title="Optimal Entropy-Transport problems and a new {Hellinger}--{Kantorovich} distance between positive measures",
journal="Inventiones mathematicae",
year="2018",
month="03",
day="01",
volume="211",
number="3",
pages="969--1117",
issn="1432-1297",
doi="10.1007/s00222-017-0759-8",
url="https://doi.org/10.1007/s00222-017-0759-8"
}


@article{chizat_interpolating_2018,
	title = {An Interpolating Distance Between Optimal Transport and {Fisher--Rao} Metrics},
	volume = {18},
	issn = {1615-3383},
	url = {https://doi.org/10.1007/s10208-016-9331-y},
	doi = {10/gcw6xw},
	abstract = {This paper defines a new transport metric over the space of nonnegative measures. This metric interpolates between the quadratic Wasserstein and the Fisher--Rao metrics and generalizes optimal transport to measures with different masses. It is defined as a generalization of the dynamical formulation of optimal transport of Benamou and Brenier, by introducing a source term in the continuity equation. The influence of this source term is measured using the Fisher--Rao metric and is averaged with the transportation term. This gives rise to a convex variational problem defining the new metric. Our first contribution is a proof of the existence of geodesics (i.e., solutions to this variational problem). We then show that (generalized) optimal transport and Hellinger metrics are obtained as limiting cases of our metric. Our last theoretical contribution is a proof that geodesics between mixtures of sufficiently close Dirac measures are made of translating mixtures of Dirac masses. Lastly, we propose a numerical scheme making use of first-order proximal splitting methods and we show an application of this new distance to image interpolation.},
	pages = {1--44},
	number = {1},
	journaltitle = {Foundations of Computational Mathematics},
	author = {Chizat, Lénaïc and Peyré, Gabriel and Schmitzer, Bernhard and Vialard, François-Xavier},
	year = {2018},
	note = {tex.day: 01},
	file = {An Interpolating Distance Between Optimal Transport and Fisher–Rao Metrics.pdf:/home/amensch/Zotero/storage/ELC2UR4W/An Interpolating Distance Between Optimal Transport and Fisher–Rao Metrics.pdf:application/pdf}
}

A Riemannian metric on the space of measures: interpolating Wasserstein and Fisher-Rao


@article{caron_deep_2019,
	title = {Deep Clustering for Unsupervised Learning of Visual Features},
	abstract = {Clustering is a class of unsupervised learning methods that has been extensively applied and studied in computer vision. Little work has been done to adapt it to the end-to-end training of visual features on large scale datasets. In this work, we present {DeepCluster}, a clustering method that jointly learns the parameters of a neural network and the cluster assignments of the resulting features. {DeepCluster} iteratively groups the features with a standard clustering algorithm, k-means, and uses the subsequent assignments as supervision to update the weights of the network. We apply {DeepCluster} to the unsupervised training of convolutional neural networks on large datasets like {ImageNet} and {YFCC}100M. The resulting model outperforms the current state of the art by a significant margin on all the standard benchmarks.},
	journaltitle = {arXiv: 1807.05520},
	author = {Caron, Mathilde and Bojanowski, Piotr and Joulin, Armand and Douze, Matthijs},
	year = {2019},
}

@book{dembo2009large,
  title={Large Deviations Techniques and Applications},
  author={Dembo, A. and Zeitouni, O.},
  isbn={9783642033117},
  series={Stochastic Modelling and Applied Probability},
  year={2009},
  publisher={Springer Berlin Heidelberg}
}

@article{sion1958,
author = "Sion, Maurice",
fjournal = "Pacific Journal of Mathematics",
journal = "Pacific J. Math.",
number = "1",
pages = "171--176",
publisher = "Pacific Journal of Mathematics, A Non-profit Corporation",
title = "On general minimax theorems.",
volume = "8",
year = "1958"
}

@InProceedings{pmlr-v49-lee16,
  title = 	 {Gradient Descent Only Converges to Minimizers},
  author = 	 {Jason D. Lee and Max Simchowitz and Michael I. Jordan and Benjamin Recht},
  booktitle = 	 {29th Annual Conference on Learning Theory},
  pages = 	 {1246--1257},
  year = 	 {2016},
  editor = 	 {Vitaly Feldman and Alexander Rakhlin and Ohad Shamir},
  volume = 	 {49},
  series = 	 {Proceedings of Machine Learning Research},
  address = 	 {Columbia University, New York, New York, USA},
  month = 	 {23--26 Jun},
  publisher = 	 {PMLR},
  pdf = 	 {http://proceedings.mlr.press/v49/lee16.pdf},
  url = 	 {http://proceedings.mlr.press/v49/lee16.html},
  abstract = 	 {We show that gradient descent converges to a local minimizer, almost surely with random initial- ization. This is proved by applying the Stable Manifold Theorem from dynamical systems theory.}
}

@article{milnor1985,
author = "Milnor, John",
fjournal = "Communications in Mathematical Physics",
journal = "Comm. Math. Phys.",
number = "2",
pages = "177--195",
publisher = "Springer",
title = "On the concept of attractor",
url = "https://projecteuclid.org:443/euclid.cmp/1103942677",
volume = "99",
year = "1985"
}

@misc{reis2017freidlinwentzell,
    title={Freidlin-{Wentzell} {LDP} in path space for {McKean-Vlasov} equations and the Functional Iterated Logarithm Law},
    author={Goncalo Dos Reis and William Salkeld and Julian Tugaut},
    year={2017},
    eprint={1708.04961},
    archivePrefix={arXiv},
    primaryClass={math.PR}
}

@article{dawson1987large,
author = { Donald A.   Dawson  and  Jürgen   Gärtner },
title = {Large deviations from the {McKean-Vlasov} limit for weakly interacting diffusions},
journal = {Stochastics},
volume = {20},
number = {4},
pages = {247-308},
year  = {1987},
publisher = {Taylor & Francis},
doi = {10.1080/17442508708833446},
URL = { 
        https://doi.org/10.1080/17442508708833446
},
eprint = { 
        https://doi.org/10.1080/17442508708833446
}
}

@article{stam_1982, 
title={Limit theorems for uniform distributions on spheres in high-dimensional euclidean spaces}, volume={19}, 
number={1}, 
journal={Journal of Applied Probability}, publisher={Cambridge University Press}, author={Stam, A. J.}, 
year={1982}, 
pages={221–228}
}

@misc{emschwiller2020neural,
    title={Neural Networks and Polynomial Regression. Demystifying the Overparametrization Phenomena},
    author={Matt Emschwiller and David Gamarnik and Eren C. Kızıldağ and Ilias Zadik},
    year={2020},
    eprint={2003.10523},
    archivePrefix={arXiv},
    primaryClass={stat.ML}
}

@misc{gamarnik2019stationary,
    title={Stationary Points of Shallow Neural Networks with Quadratic Activation Function},
    author={David Gamarnik and Eren C. Kızıldağ and Ilias Zadik},
    year={2019},
    eprint={1912.01599},
    archivePrefix={arXiv},
    primaryClass={stat.ML}
}

@article{venturi2020spurious,
  author  = {Luca Venturi and Afonso S. Bandeira and Joan Bruna},
  title   = {Spurious Valleys in One-hidden-layer Neural Network Optimization Landscapes},
  journal = {Journal of Machine Learning Research},
  year    = {2019},
  volume  = {20},
  number  = {133},
  pages   = {1-34},
  url     = {http://jmlr.org/papers/v20/18-674.html}
}

@book{schmudgen2017moment,
  title={The Moment Problem},
  author={Schm{\"u}dgen, K.},
  isbn={9783319645452},
  lccn={2017951141},
  series={Graduate Texts in Mathematics},
  url={https://books.google.es/books?id=Gz7YswEACAAJ},
  year={2017},
  publisher={Springer International Publishing}
}

@misc{paulin2013deriving,
    title={Deriving Matrix Concentration Inequalities from Kernel Couplings},
    author={Daniel Paulin and Lester Mackey and Joel A. Tropp},
    year={2013},
    eprint={1305.0612},
    archivePrefix={arXiv},
    primaryClass={math.PR}
}

@misc{kileel2019expressive,
    title={On the Expressive Power of Deep Polynomial Neural Networks},
    author={Joe Kileel and Matthew Trager and Joan Bruna},
    year={2019},
    eprint={1905.12207},
    archivePrefix={arXiv},
    primaryClass={cs.LG}
}

@misc{du2018gradient,
    title={Gradient Descent Provably Optimizes Over-parameterized Neural Networks},
    author={Simon S. Du and Xiyu Zhai and Barnabas Poczos and Aarti Singh},
    year={2018},
    eprint={1810.02054},
    archivePrefix={arXiv},
    primaryClass={cs.LG}
}

@misc{javanmard2019analysis,
    title={Analysis of a Two-Layer Neural Network via Displacement Convexity},
    author={Adel Javanmard and Marco Mondelli and Andrea Montanari},
    year={2019},
    eprint={1901.01375},
    archivePrefix={arXiv},
    primaryClass={math.ST}
}

@article{Carrillo_2019,
   title={Long-Time Behaviour and Phase Transitions for the {Mckean–Vlasov} Equation on the Torus},
   volume={235},
   ISSN={1432-0673},
   url={http://dx.doi.org/10.1007/s00205-019-01430-4},
   DOI={10.1007/s00205-019-01430-4},
   number={1},
   journal={Archive for Rational Mechanics and Analysis},
   publisher={Springer Science and Business Media LLC},
   author={Carrillo, J. A. and Gvalani, R. S. and Pavliotis, G. A. and Schlichting, A.},
   year={2019},
   month={Jul},
   pages={635–690}
}

@misc{dancona2014logsobolev,
    title={Log-Sobolev inequalities for semi-direct product operators and applications},
    author={Piero D'Ancona and Patrick Maheux and Vittoria Pierfelice},
    year={2014},
    eprint={1412.1627},
    archivePrefix={arXiv},
    primaryClass={math.AP}
}

@article{Menz_2014,
   title={Poincaré and logarithmic {Sobolev} inequalities by decomposition of the energy landscape},
   volume={42},
   ISSN={0091-1798},
   url={http://dx.doi.org/10.1214/14-AOP908},
   DOI={10.1214/14-aop908},
   number={5},
   journal={The Annals of Probability},
   publisher={Institute of Mathematical Statistics},
   author={Menz, Georg and Schlichting, André},
   year={2014},
   month={Sep},
   pages={1809–1884}
}

@article{Holley1987,
   title={Logarithmic {Sobolev} inequalities and stochastic {Ising} models},
   volume={46},
   ISSN={1572-9613},
   url={https://doi.org/10.1007/BF01011161},
   DOI={10.1007/BF01011161},
   number={5},
   journal={Journal of Statistical Physics},
   author={Holley, Richard and Stroock, Daniel},
   year={1987},
   month={Mar},
   pages={1159–1194}
}

@misc{frana2019conformal,
    title={Conformal Symplectic and Relativistic Optimization},
    author={Guilherme França and Jeremias Sulam and Daniel P. Robinson and René Vidal},
    year={2019},
    eprint={1903.04100},
    archivePrefix={arXiv},
    primaryClass={math.OC}
}

@misc{chen2014stochastic,
    title={Stochastic Gradient Hamiltonian Monte Carlo},
    author={Tianqi Chen and Emily B. Fox and Carlos Guestrin},
    year={2014},
    eprint={1402.4102},
    archivePrefix={arXiv},
    primaryClass={stat.ME}
}

@incollection{yian2015acomplete,
title = {A Complete Recipe for Stochastic Gradient MCMC},
author = {Ma, Yi-An and Chen, Tianqi and Fox, Emily},
booktitle = {Advances in Neural Information Processing Systems 28},
pages = {2917--2925},
year = {2015},
publisher = {Curran Associates, Inc.},
}

@misc{imekli2019heavytailed,
    title={On the Heavy-Tailed Theory of Stochastic Gradient Descent for Deep Neural Networks},
    author={Umut Şimşekli and Mert Gürbüzbalaban and Thanh Huy Nguyen and Gaël Richard and Levent Sagun},
    year={2019},
    eprint={1912.00018},
    archivePrefix={arXiv},
    primaryClass={stat.ML}
}

@misc{zhai2016highdimensional,
    title={A high-dimensional CLT in $\mathcal{W}_2$ distance with near optimal convergence rate},
    author={Alex Zhai},
    year={2016},
    eprint={1602.05565},
    archivePrefix={arXiv},
    primaryClass={math.PR}
}

@misc{cheng2017underdamped,
    title={Underdamped Langevin MCMC: A non-asymptotic analysis},
    author={Xiang Cheng and Niladri S. Chatterji and Peter L. Bartlett and Michael I. Jordan},
    year={2017},
    eprint={1707.03663},
    archivePrefix={arXiv},
    primaryClass={stat.ML}
}

@misc{durmus2016sampling,
    title={Sampling from a strongly log-concave distribution with the Unadjusted Langevin Algorithm},
    author={Alain Durmus and Éric Moulines},
    year={2016},
    archivePrefix={hal},
    eprint={01304430v1}
}

@book{bakry2014analysis,
  title={Analysis and Geometry of Markov Diffusion Operators},
  author={Dominique Bakry and Ivan Gentil and Michel Ledoux},
  isbn={978-3-319-00227-9},
  series={Grundlehren der mathematischen Wissenschaften},
  year={2014},
  publisher={Springer International Publishing}
}

@book{freidlin2012random,
  title={Random Perturbations of Dynamical Systems},
  author={Mark I. Freidlin and Alexander D. Wentzell},
  isbn={978-3-642-25847-3},
  series={Grundlehren der mathematischen Wissenschaften},
  year={2012},
  publisher={Springer-Verlag Berlin Heidelberg}
}

@misc{diakonikolas2020approximation,
    title={Approximation Schemes for ReLU Regression},
    author={Ilias Diakonikolas and Surbhi Goel and Sushrut Karmalkar and Adam R. Klivans and Mahdi Soltanolkotabi},
    year={2020},
    eprint={2005.12844},
    archivePrefix={arXiv},
    primaryClass={cs.LG}
}

@misc{bach2014breaking,
    title={Breaking the Curse of Dimensionality with Convex Neural Networks},
    author={Francis Bach},
    year={2014},
    eprint={1412.8690},
    archivePrefix={arXiv},
    primaryClass={cs.LG}
}

@article{bach2017breaking,
  author  = {Francis Bach},
  title   = {Breaking the Curse of Dimensionality with Convex Neural Networks},
  journal = {Journal of Machine Learning Research},
  year    = {2017},
  volume  = {18},
  number  = {19},
  pages   = {1-53}
}

@incollection{cho2009kernel,
title = {Kernel Methods for Deep Learning},
author = {Youngmin Cho and Lawrence K. Saul},
booktitle = {Advances in Neural Information Processing Systems 22},
pages = {342--350},
year = {2009},
publisher = {Curran Associates, Inc.},
}

@InProceedings{jaggi2013revisiting,
  title = 	 {Revisiting {Frank-Wolfe}: Projection-Free Sparse Convex Optimization},
  author = 	 {Martin Jaggi},
  booktitle = 	 {Proceedings of the 30th International Conference on Machine Learning},
  pages = 	 {427--435},
  year = 	 {2013},
  editor = 	 {Sanjoy Dasgupta and David McAllester},
  volume = 	 {28},
  number =       {1},
  series = 	 {Proceedings of Machine Learning Research},
  address = 	 {Atlanta, Georgia, USA},
  month = 	 {17--19 Jun},
  publisher = 	 {PMLR},
  pdf = 	 {http://proceedings.mlr.press/v28/jaggi13.pdf},
  url = 	 {http://proceedings.mlr.press/v28/jaggi13.html},
}

@misc{daniely2014ptas,
    title={A PTAS for Agnostically Learning Halfspaces},
    author={Amit Daniely},
    year={2014},
    eprint={1410.7050},
    archivePrefix={arXiv},
    primaryClass={cs.DS}
}

@misc{awasthi2013power,
    title={The Power of Localization for Efficiently Learning Linear Separators with Noise},
    author={Pranjal Awasthi and Maria Florina Balcan and Philip M. Long},
    year={2013},
    eprint={1307.8371},
    archivePrefix={arXiv},
    primaryClass={cs.LG}
}

@misc{goel2019timeaccuracy,
    title={Time/Accuracy Tradeoffs for Learning a ReLU with respect to Gaussian Marginals},
    author={Surbhi Goel and Sushrut Karmalkar and Adam Klivans},
    year={2019},
    eprint={1911.01462},
    archivePrefix={arXiv},
    primaryClass={cs.LG}
}

@InProceedings{klivans2014embedding,
  author =	{Adam Klivans and Pravesh Kothari},
  title =	{{Embedding Hard Learning Problems Into Gaussian Space}},
  booktitle =	{Approximation, Randomization, and Combinatorial Optimization. Algorithms and Techniques (APPROX/RANDOM 2014)},
  pages =	{793--809},
  series =	{Leibniz International Proceedings in Informatics (LIPIcs)},
  ISBN =	{978-3-939897-74-3},
  ISSN =	{1868-8969},
  year =	{2014},
  volume =	{28},
  editor =	{Klaus Jansen and Jos{\'e} D. P. Rolim and Nikhil R. Devanur and Cristopher Moore},
  publisher =	{Schloss Dagstuhl--Leibniz-Zentrum fuer Informatik},
  address =	{Dagstuhl, Germany},
  URN =		{urn:nbn:de:0030-drops-47391},
  annote =	{Keywords: distribution-specific hardness of learning, gaussian space, halfspace-learning, agnostic learning}
}

@article{chang1996new,
author = {Chang, Xiao-Wen and Paige, Christopher and Stewart, G.},
year = {1996},
month = {10},
pages = {},
title = {New Perturbation Analyses For The Cholesky Factorization},
volume = {16},
journal = {IMA Journal of Numerical Analysis},
doi = {10.1093/imanum/16.4.457}
}

@book{mathematical1999cramer,
 URL = {http://www.jstor.org/stable/j.ctt1bpm9r4},
 author = {Harald Cramér},
 publisher = {Princeton University Press},
 title = {Mathematical Methods of Statistics (PMS-9)},
 year = {1999}
}

@article{chen2008condition,
author = {Chen, Zizhong and Dongarra, Jack},
year = {2008},
month = {11},
pages = {},
title = {Condition Numbers of Gaussian Random Matrices},
volume = {27},
journal = {SIAM Journal on Matrix Analysis and Applications},
doi = {10.1137/040616413}
}

@inproceedings{vershynin2018high,
  title={High-Dimensional Probability: An Introduction with Applications in Data Science},
  author={R. Vershynin},
  year={2018}
}

@article{pittel2000where,
author = {Pittel, Boris},
year = {2000},
month = {01},
pages = {},
title = {Where the Typical Set Partitions Meet and Join},
volume = {7},
journal = {Electr. J. Comb.},
doi = {10.37236/1483}
}

@misc{vempala2018gradient,
    title={Gradient Descent for One-Hidden-Layer Neural Networks: Polynomial Convergence and SQ Lower Bounds},
    author={Santosh Vempala and John Wilmes},
    year={2018},
    eprint={1805.02677},
    archivePrefix={arXiv},
    primaryClass={cs.LG}
}

@book{mohri2012foundations, 
    author = {Mohri, Mehryar and Rostamizadeh, Afshin and Talwalkar, Ameet}, 
    title = {Foundations of Machine Learning}, 
    year = {2012}, 
    publisher = {The MIT Press} 
}

@INPROCEEDINGS{diakonikolas2017statistical,
  author={I. {Diakonikolas} and D. M. {Kane} and A. {Stewart}},
  booktitle={2017 IEEE 58th Annual Symposium on Foundations of Computer Science (FOCS)}, 
  title={Statistical Query Lower Bounds for Robust Estimation of High-Dimensional Gaussians and Gaussian Mixtures}, 
  year={2017},
  volume={},
  number={},
  pages={73-84},}
  
@incollection{rahimi2008random,
    title = {Random Features for Large-Scale Kernel Machines},
    author = {Ali Rahimi and Recht, Benjamin},
    booktitle = {Advances in Neural Information Processing Systems 20},
    editor = {J. C. Platt and D. Koller and Y. Singer and S. T. Roweis},
    pages = {1177--1184},
    year = {2008},
    publisher = {Curran Associates, Inc.},
}

@InProceedings{diakonikolas2020algorithms,
  title = 	 {Algorithms and SQ Lower Bounds for PAC Learning One-Hidden-Layer ReLU Networks},
  author =  {Diakonikolas, Ilias and Kane, Daniel M. and Kontonis, Vasilis and Zarifis, Nikos},
  pages = 	 {1514--1539},
  year = 	 {2020},
  editor = 	 {Jacob Abernethy and Shivani Agarwal},
  volume = 	 {125},
  series = 	 {Proceedings of Machine Learning Research}
}

@misc{singh2018nonparametric,
      title={Nonparametric Density Estimation under Adversarial Losses}, 
      author={Shashank Singh and Ananya Uppal and Boyue Li and Chun-Liang Li and Manzil Zaheer and Barnabás Póczos},
      year={2018},
      eprint={1805.08836},
      archivePrefix={arXiv},
      primaryClass={math.ST}
}

@misc{uppal2020nonparametric,
      title={Nonparametric Density Estimation \& Convergence Rates for GANs under Besov IPM Losses}, 
      author={Ananya Uppal and Shashank Singh and Barnabás Póczos},
      year={2020},
      eprint={1902.03511},
      archivePrefix={arXiv},
      primaryClass={math.ST}
}

@misc{e2020banach,
      title={On the Banach spaces associated with multi-layer ReLU networks: Function representation, approximation theory and gradient descent dynamics}, 
      author={Weinan E and Stephan Wojtowytsch},
      year={2020},
      eprint={2007.15623},
      archivePrefix={arXiv},
      primaryClass={stat.ML}
}

@misc{barron2018approximation,
      title={Approximation and Estimation for High-Dimensional Deep Learning Networks}, 
      author={Andrew R. Barron and Jason M. Klusowski},
      year={2018},
      eprint={1809.03090},
      archivePrefix={arXiv},
      primaryClass={stat.ML}
}

@article{ito1996nonlinearity,
author = {Ito, Yoshifusa},
year = {1996},
pages = {189-203},
title = {Nonlinearity creates linear independence},
volume = {5},
journal = {Advances in Computational Mathematics}
}

@misc{e2020representation,
      title={Representation formulas and pointwise properties for Barron functions}, 
      author={Weinan E and Stephan Wojtowytsch},
      year={2020},
      eprint={2006.05982},
      archivePrefix={arXiv},
      primaryClass={stat.ML}
}

@misc{liang2018generative,
      title={How Well Can Generative Adversarial Networks Learn Densities: A Nonparametric View}, 
      author={Tengyuan Liang},
      year={2018},
      eprint={1712.08244},
      archivePrefix={arXiv},
      primaryClass={stat.ML}
}

@misc{nilesweed2019estimation,
      title={Estimation of Wasserstein distances in the Spiked Transport Model}, 
      author={Jonathan Niles-Weed and Philippe Rigollet},
      year={2019},
      eprint={1909.07513},
      archivePrefix={arXiv},
      primaryClass={math.ST}
}

@misc{paty2019subspace,
      title={Subspace Robust Wasserstein Distances}, 
      author={François-Pierre Paty and Marco Cuturi},
      year={2019},
      eprint={1901.08949},
      archivePrefix={arXiv},
      primaryClass={cs.LG}
}

@book{brezis2011functional, 
    author = {Haim Brezis}, 
    title = {Functional Analysis, Sobolev Spaces and Partial Differential Equations}, year = {2011}, 
    isbn = {978-0-387-70913-0}, 
    publisher = {Springer-Verlag New York} 
}

@inproceedings{welling2009herding, 
author = {Welling, Max}, 
title = {Herding Dynamical Weights to Learn}, 
year = {2009}, 
booktitle = {Proceedings of the 26th Annual International Conference on Machine Learning}, 
pages = {1121–1128}, 
numpages = {8}, 
location = {Montreal, Quebec, Canada}, 
series = {ICML '09} }

@inproceedings{lebanon2002boosting,
 author = {Lebanon, Guy and Lafferty, John},
 booktitle = {Advances in Neural Information Processing Systems},
 editor = {T. Dietterich and S. Becker and Z. Ghahramani},
 pages = {447--454},
 publisher = {MIT Press},
 title = {Boosting and Maximum Likelihood for Exponential Models},
 url = {https://proceedings.neurips.cc/paper/2001/file/71e09b16e21f7b6919bbfc43f6a5b2f0-Paper.pdf},
 volume = {14},
 year = {2002}
}

@article{kim2010onanoncompact,
author = {Kim, Won Kyu and Kum, Sangho},
year = {2010},
month = {04},
pages = {},
title = {On a non-compact generalization of Fan's minimax theorem},
volume = {14},
journal = {Taiwanese Journal of Mathematics},
doi = {10.11650/twjm/1500405793}
}

@article{wainwright2008graphical,
author = {Wainwright, Martin and Jordan, Michael},
year = {2008},
month = {01},
pages = {1-305},
title = {Graphical Models, Exponential Families, and Variational Inference},
volume = {1},
journal = {Foundations and Trends in Machine Learning}
}

@book{bertsekas1996constrained,
  author = {Bertsekas, Dimitri P.},
  isbn = {1886529043},
  publisher = {Athena Scientific},
  title = {Constrained Optimization and Lagrange Multiplier Methods (Optimization and Neural Computation Series)},
  year = 1996
}

@article{bach2012onthe,
author = {Bach, Francis and Lacoste-Julien, Simon and Obozinski, Guillaume},
year = {2012},
month = {03},
pages = {},
title = {On the Equivalence between Herding and Conditional Gradient Algorithms},
volume = {2},
journal = {Proceedings of the 29th International Conference on Machine Learning, ICML 2012}
}

@inproceedings{kakade2009onthe,
 author = {Kakade, Sham M and Sridharan, Karthik and Tewari, Ambuj},
 booktitle = {Advances in Neural Information Processing Systems},
 pages = {793--800},
 publisher = {Curran Associates, Inc.},
 title = {On the Complexity of Linear Prediction: Risk Bounds, Margin Bounds, and Regularization},
 volume = {21},
 year = {2009}
}

@article{kneser1952surun,
author = {Kneser, H.},
year = {1952},
pages = {2418--2420},
title = {Sur un theoreme fondamentale de la theorie des jeux},
volume = {234},
journal = {C. R. Acad. Sci. Paris}
}

@InProceedings{gorham2017measuring,
  title = 	 {Measuring Sample Quality with Kernels},
  author =       {Jackson Gorham and Lester Mackey},
  booktitle = 	 {Proceedings of the 34th International Conference on Machine Learning},
  pages = 	 {1292--1301},
  year = 	 {2017},
  volume = 	 {70},
  publisher =    {PMLR}
}

@InProceedings{liu2016akernelized,
  title = 	 {A Kernelized Stein Discrepancy for Goodness-of-fit Tests},
  author = 	 {Qiang Liu and Jason Lee and Michael Jordan},
  booktitle = 	 {Proceedings of The 33rd International Conference on Machine Learning},
  pages = 	 {276--284},
  year = 	 {2016},
  volume = 	 {48},
  address = 	 {New York, New York, USA},
  month = 	 {20--22 Jun},
  publisher =    {PMLR},
}

@inproceedings{liu2016stein,
 author = {Liu, Qiang and Wang, Dilin},
 booktitle = {Advances in Neural Information Processing Systems},
 pages = {2378--2386},
 publisher = {Curran Associates, Inc.},
 title = {Stein Variational Gradient Descent: A General Purpose Bayesian Inference Algorithm},
 volume = {29},
 year = {2016}
}

@inproceedings{stein1972abound,
 author = {Stein, C.},
 booktitle = {Proceedings of the Sixth Berkeley Symposium on Mathematical Statistics and Probability, Volume 2: Probability Theory},
 pages = {583--602},
 title = {A bound for the error in the normal approximation to the distribution of a sum of dependent random variables},
 year = {1972}
}

@inproceedings{gorham2015measuring,
 author = {Gorham, Jackson and Mackey, Lester},
 booktitle = {Advances in Neural Information Processing Systems},
 pages = {226--234},
 publisher = {Curran Associates, Inc.},
 title = {Measuring Sample Quality with Stein's Method},
 volume = {28},
 year = {2015}
}

@InProceedings{grathwohl2020learning,
  title = 	 {Learning the Stein Discrepancy for Training and Evaluating Energy-Based Models without Sampling},
  author =       {Grathwohl, Will and Wang, Kuan-Chieh and Jacobsen, Joern-Henrik and Duvenaud, David and Zemel, Richard},
  booktitle = 	 {Proceedings of the 37th International Conference on Machine Learning},
  pages = 	 {3732--3747},
  year = 	 {2020},
  volume = 	 {119},
}

@article{bartlett2002rademacher,
author = {Bartlett, Peter and Mendelson, Shahar},
year = {2002},
pages = {463-482},
title = {Rademacher and Gaussian Complexities: Risk Bounds and Structural Results},
volume = {3},
journal = {The Journal of Machine Learning Research},
}

@inproceedings{bourgain1988projection,
  author = {J. Bourgain and J. Lindenstrauss},
  publisher = {Springer},
  booktitle = {Geometric Aspects of Functional Analysis},
  pages = {250--270},
  title = {Projection bodies},
  year = {1988}
}

@book{atkinson2012spherical,
author = {Atkinson, Kendall and Han, Weimin},
year = {2012},
month = {01},
title = {Spherical Harmonics and Approximations on the Unit Sphere: An Introduction},
volume = {2044},
journal = {Lecture Notes in Mathematics},
publisher = {Springer}
}

@article{whitney1934analytic,
 author = {Hassler Whitney},
 journal = {Transactions of the American Mathematical Society},
 number = {1},
 pages = {63--89},
 publisher = {American Mathematical Society},
 title = {Analytic Extensions of Differentiable Functions Defined in Closed Sets},
 volume = {36},
 year = {1934}
}

@misc{debortoli2020efficient,
      title={Efficient stochastic optimisation by unadjusted Langevin Monte Carlo. Application to maximum marginal likelihood and empirical Bayesian estimation}, 
      author={Valentin De Bortoli and Alain Durmus and Marcelo Pereyra and Ana F. Vidal},
      year={2020},
      eprint={1906.12281},
      archivePrefix={arXiv},
      primaryClass={stat.CO}
}

@inproceedings{neyshabur2015insearch,
  author={Behnam Neyshabur and Ryota Tomioka and Nathan Srebro},
  title={In Search of the Real Inductive Bias: On the Role of Implicit Regularization in Deep Learning},
  year={2015},
  booktitle={ICLR (Workshop)}
}

@book{ambrosio2008gradient, 
    author = {Luigi Ambrosio and Nicola Gigli and Giuseppe Savar\'e}, 
    title = {Gradient Flows In Metric Spaces and in the Space of Probability Measures}, 
    year = {2008}, 
    publisher = {Birkhäuser Basel} 
}

@article{bach2017onthe, 
author = {Bach, Francis}, 
title = {On the Equivalence between Kernel Quadrature Rules and Random Feature Expansions}, 
year = {2017}, 
issue_date = {January 2017}, 
publisher = {JMLR.org}, 
volume = {18}, 
number = {1}, 
issn = {1532-4435},
journal = {J. Mach. Learn. Res.}, 
month = jan, 
pages = {714–751}, 
numpages = {38}, 
keywords = {quadrature, integral operators, positive-definite kernels} 
}

@article{hyvarinen05estimation,
  author  = {Aapo Hyv{{\"a}}rinen},
  title   = {Estimation of Non-Normalized Statistical Models by Score Matching},
  journal = {Journal of Machine Learning Research},
  year    = {2005},
  volume  = {6},
  number  = {24},
  pages   = {695-709}
}

@InProceedings{gutmann2010noise,
  title = 	 {Noise-contrastive estimation: A new estimation principle for unnormalized statistical models},
  author = 	 {Michael Gutmann and Aapo Hyvärinen},
  booktitle = 	 {Proceedings of the Thirteenth International Conference on Artificial Intelligence and Statistics},
  pages = 	 {297--304},
  year = 	 {2010},
  volume = 	 {9},
  series = 	 {Proceedings of Machine Learning Research},
  publisher =    {JMLR Workshop and Conference Proceedings},
}

@misc{song2021train,
      title={How to Train Your Energy-Based Models}, 
      author={Yang Song and Diederik P. Kingma},
      year={2021},
      eprint={2101.03288},
      archivePrefix={arXiv},
      primaryClass={cs.LG}
}

@book{tsybakov2008introduction,
  title={Introduction to nonparametric estimation},
  author={Tsybakov, Alexandre B},
  year={2008},
  publisher={Springer Science \& Business Media}
}

@misc{wei2020regularization,
      title={Regularization Matters: Generalization and Optimization of Neural Nets v.s. their Induced Kernel}, 
      author={Colin Wei and Jason D. Lee and Qiang Liu and Tengyu Ma},
      year={2020},
      eprint={1810.05369},
      archivePrefix={arXiv},
      primaryClass={stat.ML}
}

@inproceedings{jacot2018neural,
 author = {Jacot, Arthur and Gabriel, Franck and Hongler, Clement},
 booktitle = {Advances in Neural Information Processing Systems},
 editor = {S. Bengio and H. Wallach and H. Larochelle and K. Grauman and N. Cesa-Bianchi and R. Garnett},
 pages = {8571--8580},
 publisher = {Curran Associates, Inc.},
 title = {Neural Tangent Kernel: Convergence and Generalization in Neural Networks},
 volume = {31},
 year = {2018}
}

@inproceedings{ghorbani2019limitations,
  title={Limitations of Lazy Training of Two-layers Neural Network.},
  author={Ghorbani, Behrooz and Mei, Song and Misiakiewicz, Theodor and Montanari, Andrea},
  booktitle={NeurIPS},
  year={2019}
}


@article{williams2019gradient,
  title={Gradient dynamics of shallow univariate ReLU networks},
  author={Williams, Francis and Trager, Matthew and Silva, Claudio and Panozzo, Daniele and Zorin, Denis and Bruna, Joan},
  journal={Advances in Neural Information Processing Systems (NeurIPS)},
  year={2019}
}

@misc{ghorbani2020neural,
      title={When Do Neural Networks Outperform Kernel Methods?}, 
      author={Behrooz Ghorbani and Song Mei and Theodor Misiakiewicz and Andrea Montanari},
      year={2020},
      eprint={2006.13409},
      archivePrefix={arXiv},
      primaryClass={stat.ML}
}

@article{fukumizu2004dimensionality,
author = {Fukumizu, Kenji and Bach, Francis and Jordan, Michael},
year = {2004},
month = {01},
pages = {73-99},
title = {Dimensionality Reduction for Supervised Learning with Reproducing Kernel Hilbert Spaces.},
volume = {5},
journal = {Journal of Machine Learning Research}
}

@article{li1991sliced,
 author = {Ker-Chau Li},
 journal = {Journal of the American Statistical Association},
 number = {414},
 pages = {316--327},
 publisher = {[American Statistical Association, Taylor & Francis, Ltd.]},
 title = {Sliced Inverse Regression for Dimension Reduction},
 volume = {86},
 year = {1991}
}

@article{kazama2005maximum,
author = {Kazama, Jun’ichi and Tsujii, Jun'ichi},
year = {2005},
month = {09},
pages = {159-194},
title = {Maximum Entropy Models with Inequality Constraints: A Case Study on Text Categorization},
volume = {60},
journal = {Machine Learning},
doi = {10.1007/s10994-005-0911-3}
}

@ARTICLE{pietra1997inducing,
  author={S. {Della Pietra} and V. {Della Pietra} and J. {Lafferty}},
  journal={IEEE Transactions on Pattern Analysis and Machine Intelligence}, 
  title={Inducing features of random fields}, 
  year={1997},
  volume={19},
  number={4},
  pages={380-393},
  doi={10.1109/34.588021}}

@book{serfling2009approximation,
  title={Approximation Theorems of Mathematical Statistics},
  author={R. Serfling},
  publisher={John Wiley \& Sons},
  volume={162},
  year={2009}
}

@book{ruelle1969statistical,
  title={Statistical mechanics: Rigorous results},
  author={D. Ruelle},
  publisher={W.A. Benjamin},
  year={1969}
}

@book{borwein2005techniques,
  title={Techniques of Variational Analysis},
  author={Borwein, Jonathan and Zhu, Qiji},
  publisher={Springer-Verlag New York},
  series={CMS Books in Mathematics},
  year={2005}
}

@InProceedings{absil2013anextrinsic,
author={Absil, P. -A.
and Mahony, Robert
and Trumpf, Jochen},
editor={Nielsen, Frank
and Barbaresco, Fr{\'e}d{\'e}ric},
title={An Extrinsic Look at the Riemannian Hessian},
booktitle={Geometric Science of Information},
year={2013},
publisher={Springer Berlin Heidelberg},
address={Berlin, Heidelberg},
pages={361--368},
}

@article{lu2019scaling,
  title={Scaling Limit of the Stein Variational Gradient Descent: The Mean Field Regime},
  author={J. Lu and Y. Lu and J. Nolen},
  journal={SIAM J. Math. Anal.},
  year={2019},
  volume={51},
  pages={648-671}
}

@InProceedings{leroux2007continuous, 
  title = {Continuous Neural Networks}, 
  author = {Nicolas Le Roux and Yoshua Bengio}, booktitle = {Proceedings of the Eleventh International Conference on Artificial Intelligence and Statistics}, 
  pages = {404--411}, 
  year = {2007},
  volume = {2}, 
  series = {Proceedings of Machine Learning Research}, 
  address = {San Juan, Puerto Rico}, 
  month = {21--24 Mar},
}

@book{berlinet2004reproducing,
author = {Berlinet, Alain and Thomas-Agnan, Christine},
year = {2004},
pages = {},
publisher={Springer},
title = {Reproducing Kernel Hilbert Space in Probability and Statistics},
}

@article{gretton2012akernel,
  author  = {Arthur Gretton and Karsten M. Borgwardt and Malte J. Rasch and Bernhard Sch{{\"o}}lkopf and Alexander Smola},
  title   = {A Kernel Two-Sample Test},
  journal = {Journal of Machine Learning Research},
  year    = {2012},
  volume  = {13},
  number  = {25},
  pages   = {723-773},
}

@misc{chen2020dynamical,
      title={A Dynamical Central Limit Theorem for Shallow Neural Networks}, 
      author={Zhengdao Chen and Grant M. Rotskoff and Joan Bruna and Eric Vanden-Eijnden},
      year={2020},
      eprint={2008.09623},
      archivePrefix={arXiv},
      primaryClass={math.PR}
}

@inproceedings{gretton2007kernel,
  title={A kernel method for the two-sample-problem},
  author={Gretton, Arthur and Borgwardt, Karsten M and Rasch, Malte and Sch{\"o}lkopf, Bernhard and Smola, Alex J},
  booktitle={Advances in neural information processing systems},
  pages={513--520},
  year={2007}
}

@inproceedings{li2015generative,
  title={Generative moment matching networks},
  author={Li, Yujia and Swersky, Kevin and Zemel, Richard},
  booktitle={ICML},
  year={2015}
}

@article{dziugaite2015training,
  title={Training generative neural networks via maximum mean discrepancy optimization},
  author={Dziugaite, Gintare Karolina and Roy, Daniel M and Ghahramani, Zoubin},
  journal={UAI},
  year={2015}
}

@inproceedings{li2017mmd,
 author = {Li, Chun-Liang and Chang, Wei-Cheng and Cheng, Yu and Yang, Yiming and Poczos, Barnabas},
 booktitle = {Advances in Neural Information Processing Systems},
 title = {MMD GAN: Towards Deeper Understanding of Moment Matching Network},
 volume = {30},
 year = {2017}
}

@inproceedings{arbel2019maximum,
 author = {Arbel, Michael and Korba, Anna and Salim, Adil and Gretton, Arthur},
 booktitle = {Advances in Neural Information Processing Systems},
 title = {Maximum Mean Discrepancy Gradient Flow},
 volume = {32},
 year = {2019}
}

@article{domingoenrich2021energybased,
  title={On Energy-Based Models with Overparametrized Shallow Neural Networks}, 
  author={Carles Domingo-Enrich and Alberto Bietti and Eric Vanden-Eijnden and Joan Bruna},
  year={2021},
  journal={arXiv preprint arXiv:2104.07531},
}

@article{jaynes1957information,
  title = {Information Theory and Statistical Mechanics},
  author = {Jaynes, E. T.},
  journal = {Phys. Rev.},
  volume = {106},
  issue = {4},
  pages = {620--630},
  numpages = {0},
  year = {1957},
  month = {May},
  publisher = {American Physical Society},
}

@inproceedings{mohamed2017learning,
author = {Mohamed, Shakir and Lakshminarayanan, Balaji},
year = {2017},
booktitle = {ICLR},
title = {Learning in Implicit Generative Models}
}

@article{mckean1967aclass,
author = {McKean, Henry},
year = {1967},
month = {01},
pages = {1907-11},
title = {A class of Markov processes associated with nonlinear parabolic equations},
volume = {56},
journal = {Proceedings of the National Academy of Sciences of the United States of America},
}

@book{dunford1958linear,
    author = {Dunford, Nelson and Schwartz, Jacob T},
    year = {1958},
    publisher = {Interscience},
    series = {Pure and applied mathematics (Interscience series)},
    title = {Linear operators. Part I, General theory},
}

@inproceedings{domingoenrich2020amean,
 author = {Domingo-Enrich, Carles and Jelassi, Samy and Mensch, Arthur and Rotskoff, Grant and Bruna, Joan},
 booktitle = {Advances in Neural Information Processing Systems},
 pages = {20215--20226},
 publisher = {Curran Associates, Inc.},
 title = {A mean-field analysis of two-player zero-sum games},
 volume = {33},
 year = {2020}
}


@InProceedings{dai2019kernel,
  title = 	 {Kernel Exponential Family Estimation via Doubly Dual Embedding},
  author =       {Dai, Bo and Dai, Hanjun and Gretton, Arthur and Song, Le and Schuurmans, Dale and He, Niao},
  booktitle = 	 {Proceedings of the Twenty-Second International Conference on Artificial Intelligence and Statistics},
  pages = 	 {2321--2330},
  year = 	 {2019},
  volume = 	 {89},
  series = 	 {Proceedings of Machine Learning Research},
  publisher =    {PMLR},
}

@inproceedings{dai2019exponential,
 author = {Dai, Bo and Liu, Zhen and Dai, Hanjun and He, Niao and Gretton, Arthur and Song, Le and Schuurmans, Dale},
 booktitle = {Advances in Neural Information Processing Systems},
 publisher = {Curran Associates, Inc.},
 title = {Exponential Family Estimation via Adversarial Dynamics Embedding},
 volume = {32},
 year = {2019}
}

@InProceedings{altun2006unifying,
    author= {Altun, Yasemin and Smola, Alex},
    title= {Unifying Divergence Minimization and Statistical Inference Via Convex Duality},
    booktitle={Learning Theory},
    year={2006},
    publisher={Springer Berlin Heidelberg},
    pages={139--153},
}

@article{dudik2007maximum, 
    author = {Dud\'{\i}k, Miroslav and Phillips, Steven J. and Schapire, Robert E.}, 
    title = {Maximum Entropy Density Estimation with Generalized Regularization and an Application to Species Distribution Modeling},
    year = {2007},
    publisher = {JMLR.org}, 
    volume = {8},
    journal = {J. Mach. Learn. Res.}, 
    pages = {1217–1260}, 
    numpages = {44} 
}

@book{ekeland1999convex,
    author = {Ekeland, Ivar and Temam, Roger},
    title = {Convex analysis and variational problems},
    year = {1999},
    publisher = {Philadelphia, Pa: Society for Industrial and Applied Mathematics}
}

@article{hinton2002training, 
    author = {Hinton, Geoffrey E.}, 
    title = {Training Products of Experts by Minimizing Contrastive Divergence}, 
    year = {2002}, 
    publisher = {MIT Press}, 
    volume = {14}, 
    number = {8}, 
    journal = {Neural Comput.},
    pages = {1771–1800},
}

@inproceedings{tieleman2008training, 
    author = {Tieleman, Tijmen}, 
    title = {Training Restricted Boltzmann Machines Using Approximations to the Likelihood Gradient}, 
    year = {2008}, 
    publisher = {Association for Computing Machinery},
    booktitle = {Proceedings of the 25th International Conference on Machine Learning}, series = {ICML '08}, 
}

@inproceedings{tieleman2009using, 
    author = {Tieleman, Tijmen and Hinton, Geoffrey}, 
    title = {Using Fast Weights to Improve Persistent Contrastive Divergence}, 
    year = {2009}, 
    publisher = {Association for Computing Machinery}, 
    booktitle = {Proceedings of the 26th Annual International Conference on Machine Learning},
    series = {ICML '09} 
}

@InProceedings{xie2016atheory, 
    title = {A Theory of Generative ConvNet}, author = {Xie, Jianwen and Lu, Yang and Zhu, Song-Chun and Wu, Yingnian}, 
    booktitle = {Proceedings of The 33rd International Conference on Machine Learning},
    year = {2016}, 
    volume = {48}, 
    series = {Proceedings of Machine Learning Research}, 
    publisher = {PMLR}, 
}

@inproceedings{xie2017synthesizing,
author = {Xie, Jianwen and Zhu, Song and Wu, Yingnian},
year = {2017},
title = {Synthesizing Dynamic Patterns by Spatial-Temporal Generative ConvNet},
booktitle = {IEEE Conference on Computer Vision and Pattern Recognition (CVPR)},
}

@ARTICLE{pascal2011aconnection,
  author={Vincent, Pascal},
  journal={Neural Computation}, 
  title={A Connection Between Score Matching and Denoising Autoencoders}, 
  year={2011},
  volume={23},
  number={7},
}

@inproceedings{song2021scorebased,
      title={Score-Based Generative Modeling through Stochastic Differential Equations}, 
      author={Yang Song and Jascha Sohl-Dickstein and Diederik P. Kingma and Abhishek Kumar and Stefano Ermon and Ben Poole},
      year={2021},
      booktitle={International Conference on Learning Representations (ICLR 2021)},
}

@inproceedings{ho2020denoising,
    author = {Ho, Jonathan and Jain, Ajay and Abbeel, Pieter},
    booktitle = {Advances in Neural Information Processing Systems},
    publisher = {Curran Associates, Inc.},
    title = {Denoising Diffusion Probabilistic Models},
    volume = {33},
    year = {2020}
}

@inproceedings{song2020improved,
  author    = {Song, Yang and Ermon, Stefano},
  title     = {Improved Techniques for Training Score-Based Generative Models},
  booktitle = {Advances in Neural Information Processing Systems},
  year      = {2020}
}

@article{barron1993universal,
author = {Barron, Andrew},
year = {1993},
pages = {930 - 945},
title = {Universal approximation bounds for superpositions of a sigmoidal function},
volume = {39},
journal = {IEEE Transactions on Information Theory},
}

@INPROCEEDINGS{simonetto2021smooth,
  author={Simonetto, Andrea},
  booktitle={2020 28th European Signal Processing Conference (EUSIPCO)}, 
  title={Smooth Strongly Convex Regression}, 
  year={2021},
  pages={2130-2134},
}
  
@InProceedings{amos2017input, 
    title = {Input Convex Neural Networks}, 
    author = {Brandon Amos and Lei Xu and J. Zico Kolter}, 
    booktitle = {Proceedings of the 34th International Conference on Machine Learning}, 
    pages = {146--155}, 
    year = {2017}, 
    volume = {70}, series = {Proceedings of Machine Learning Research}, 
    month = {06--11 Aug}, 
    publisher = {PMLR},
}

@article{latorre2001acharacterization,
author = {La Torre, Davide and Rocca, Matteo},
title = {A characterization of almost everywhere convex functions},
journal = {Journal of Interdisciplinary Mathematics},
volume = {4},
number = {1},
pages = {49-60},
year  = {2001},
publisher = {Taylor & Francis},
}

@article{domingoenrich2021separation,
      title={Separation Results between Fixed-Kernel and Feature-Learning Probability Metrics}, 
      author={Carles Domingo-Enrich and Youssef Mroueh},
      year={2021},
      journal={arXiv preprint arXiv:2106.05739},
}

@book{erdelyi1954tables,
  title={Tables of integral transforms},
  author={Bateman, H. and Erd{\'e}lyi, A.},
  year={1954},
  publisher={McGraw-Hill}
}

@book{kammler2000afirst,
  title={A first course in {Fourier} analysis},
  author={Kammler, David},
  year={2000},
  publisher={Prentice Hall}
}

@ARTICLE{klusowski2018approximation,
  author={Klusowski, Jason M. and Barron, Andrew R.},
  journal={IEEE Transactions on Information Theory}, 
  title={Approximation by Combinations of ReLU and Squared ReLU Ridge Functions With  $\ell^1$  and  $\ell^0$  Controls}, 
  year={2018},
  volume={64},
  number={12},
  pages={7649-7656},
}

@ARTICLE{breiman1993hinging,
  author={Breiman, L.},
  journal={IEEE Transactions on Information Theory}, 
  title={Hinging hyperplanes for regression, classification, and function approximation}, 
  year={1993},
  volume={39},
  number={3},
  pages={999-1013},
 }

@article{e2019apriori,
author = {E, Weinan and Ma, Chao and Wu, Lei},
year = {2019},
month = {01},
pages = {1407-1425},
title = {A priori estimates of the population risk for two-layer neural networks},
volume = {17},
journal = {Communications in Mathematical Sciences},
}

@inproceedings{ambrosio2000functions,
  title={Functions of Bounded Variation and Free Discontinuity Problems},
  author={L. Ambrosio and D. Pallara and N. Fusco},
  year={2000}
}

@book{folland1984real,
  title={Real Analysis: Modern Techniques and Their Applications},
  author={Folland, G. B.},
  year={1984},
  publisher={Wiley}
}

@article{shaviv2020tempered,
title = {Tempered distributions and Schwartz functions on definable manifolds},
journal = {Journal of Functional Analysis},
volume = {278},
number = {11},
year = {2020},
author = {Ary Shaviv},
}

@article{gutev2020lipschitz,
title = {Lipschitz extensions and approximations},
journal = {Journal of Mathematical Analysis and Applications},
volume = {491},
number = {1},
year = {2020},
author = {Valentin Gutev},
}

@book{helgason2011integral,
author = {Helgason, Sigurdur},
year = {2011},
title = {Integral Geometry and Radon Transforms},
publisher = {Springer}
}

@article{parhi2021banach,
  author  = {Rahul Parhi and Robert D. Nowak},
  title   = {Banach Space Representer Theorems for Neural Networks and Ridge Splines},
  journal = {Journal of Machine Learning Research},
  year    = {2021},
  volume  = {22},
  number  = {43},
  pages   = {1-40},
}

@book{yuan2010morrey,
  author  = {Wen Yuan and Winfried Sickel and Dachun Yang},
  title   = {Morrey and Campanato Meet Besov, Lizorkin and Triebel},
  series = {Lecture Notes in Mathematics},
  year    = {2010},
  publisher = {Springer}
}

@article{samko1995denseness,
author = {Samko, Stefan},
journal = {Studia Mathematica},
number = {3},
pages = {199-210},
title = {Denseness of the spaces $\Phi_V$ of Lizorkin type in the mixed $L^{p}(\mathbb{R}^n)$-spaces},
volume = {113},
year = {1995},
}

@article{kostadinova2014theridgelet,
author = {S. Kostadinova and S. Pilipović and K. Saneva and J. Vindas},
title = {The Ridgelet transform of distributions},
journal = {Integral Transforms and Special Functions},
volume = {25},
number = {5},
pages = {344-358},
year  = {2014},
publisher = {Taylor & Francis},
}

@misc{salazar2018fubinitonelli,
      title={Fubini-Tonelli type theorem for non product measures in a product space}, 
      author={Jorge Salazar},
      year={2018},
      eprint={1806.04124},
      archivePrefix={arXiv},
      primaryClass={math.PR}
}

@article{solmon1987asymptotic,
author = {Solmon, D.C.},
title = {Asymptotic formulas for the dual radon transform and applications},
journal = {Mathematische Zeitschrift},
volume = {195},
pages = {321-343},
year  = {1987},
}

@book{schaefer1999topological,
  author  = {H.H. Schaefer},
  title   = {Topological Vector Spaces},
  series = {Graduate Texts in Mathematics},
  year    = {1999},
  publisher = {Springer-Verlag New York}
}

@article{kalf1995onthe,
author = {Hubert Kalf},
title = {On the expansion of a function in terms of spherical harmonics in arbitrary dimensions},
journal = {Bulletin of the Belgian Mathematical Society - Simon Stevin},
publisher = {The Belgian Mathematical Society},
pages = {361 -- 380},
year = {1995},
}

@book{dai2013approximation,
  author  = {Feng Dai and Yuan Xu},
  title   = {Approximation Theory and Harmonic Analysis on Spheres and Balls},
  series = {Springer Monographs in Mathematics},
  year    = {2013},
  publisher = {Springer New York}
}

@article{cybenko1989approximation,
  author = {Cybenko, G.},
  journal = {Mathematics of Control, Signals, and Systems (MCSS)},
  number = 4,
  pages = {303--314},
  publisher = {Springer London},
  title = {{Approximation by superpositions of a sigmoidal function}},
  volume = 2,
  year = 1989
}

@book{narici2010topological,
  title={Topological Vector Spaces, Second Edition},
  author={Narici, L. and Beckenstein, E.},
  series={Chapman \& Hall/CRC Pure and Applied Mathematics},
  year={2010},
  publisher={Taylor \& Francis}
}

@article{ole2001frames,
author = {Christensen, Ole},
year = {2001},
month = {07},
pages = {273-292},
title = {Frames, Riesz bases, and discrete Gabor/wavelet expansions},
volume = {38},
journal = {Bulletin of The American Mathematical Society},
}

@book{evans2010partial,
  title={Partial Differential Equations},
  author={Evans, L.C.},
  series={Graduate studies in mathematics},
  year={2010},
  publisher={American Mathematical Society}
}

@article{nachbin1949algebres,
  title={Sur les algebres denses de fonctions diff{\'e}rentiables sur une vari{\'e}t{\'e}},
  author={Nachbin, Leopoldo},
  journal={Comptes Rendus Hebdomadaires des Seances de l'Academie des Sciences},
  volume={228},
  number={20},
  pages={1549--1551},
  year={1949},
  publisher={Gauthier-Villars/Editions Elsevier}
}

@book{helgason1994geometric,
  title={Geometric Analysis on Symmetric Spaces},
  author={Helgason, S.},
  series={Mathematical surveys and monographs},
  year={1994},
  publisher={American Mathematical Society}
}

@book{rudin1991functional,
  title={Functional Analysis},
  author={Rudin, W.},
  series={International series in pure and applied mathematics},
  year={1991},
  publisher={McGraw-Hill}
}

@inproceedings{bartlett1997forvalid,
 author = {Bartlett, Peter},
 booktitle = {Advances in Neural Information Processing Systems},
 publisher = {MIT Press},
 title = {For Valid Generalization the Size of the Weights is More Important than the Size of the Network},
 volume = {9},
 year = {1997}
}

@inproceedings{lyu2020gradient,
  author = {Kaifeng Lyu and Jian Li},
  title = {Gradient Descent Maximizes the Margin of Homogeneous Neural Networks},
  booktitle = {8th International Conference on Learning Representations, {ICLR} 2020},
  publisher = {OpenReview.net},
  year      = {2020},
}

@article{hornik1989multilayer,
title = {Multilayer feedforward networks are universal approximators},
journal = {Neural Networks},
volume = {2},
number = {5},
pages = {359-366},
year = {1989},
author = {Kurt Hornik and Maxwell Stinchcombe and Halbert White},
}

@book{treves2006topological,
  title={Topological Vector Spaces, Distributions and Kernels},
  author={Treves, F.},
  series={Dover Books on Mathematics},
  year={2006},
  publisher={Dover Publications}
}

@misc{bartolucci2021understanding,
      title={Understanding neural networks with reproducing kernel Banach spaces}, 
      author={Francesca Bartolucci and Ernesto De Vito and Lorenzo Rosasco and Stefano Vigogna},
      year={2021},
      eprint={2109.09710},
      archivePrefix={arXiv},
      primaryClass={stat.ML}
}

@inproceedings{garipov2018loss,
 author = {Garipov, Timur and Izmailov, Pavel and Podoprikhin, Dmitrii and Vetrov, Dmitry P and Wilson, Andrew G},
 booktitle = {Advances in Neural Information Processing Systems},
 publisher = {Curran Associates, Inc.},
 title = {Loss Surfaces, Mode Connectivity, and Fast Ensembling of DNNs},
 volume = {31},
 year = {2018}
}

@InProceedings{draxler2018essentially,
  title = 	 {Essentially No Barriers in Neural Network Energy Landscape},
  author =       {Draxler, Felix and Veschgini, Kambis and Salmhofer, Manfred and Hamprecht, Fred},
  booktitle = 	 {Proceedings of the 35th International Conference on Machine Learning},
  pages = 	 {1309--1318},
  year = 	 {2018},
  volume = 	 {80},
}

@inproceedings{kuditipudi2019explainging,
 author = {Kuditipudi, Rohith and Wang, Xiang and Lee, Holden and Zhang, Yi and Li, Zhiyuan and Hu, Wei and Ge, Rong and Arora, Sanjeev},
 booktitle = {Advances in Neural Information Processing Systems},
 publisher = {Curran Associates, Inc.},
 title = {Explaining Landscape Connectivity of Low-cost Solutions for Multilayer Nets},
 volume = {32},
 year = {2019}
}

@article{tancik2020fourfeat,
    title={Fourier Features Let Networks Learn High Frequency Functions in Low Dimensional Domains},
    author={Matthew Tancik and Pratul P. Srinivasan and Ben Mildenhall and Sara Fridovich-Keil and Nithin Raghavan and Utkarsh Singhal and Ravi Ramamoorthi and Jonathan T. Barron and Ren Ng},
    journal={NeurIPS},
    year={2020}
}

@book{non-linearRadon,
 title = {The Universality of the Radon Transform},
  author = {L. Ehrenpreis},
  year = {2003}, 
  publisher = {Oxford},
}

@misc{parhi2021kinds,
      title={What Kinds of Functions do Deep Neural Networks Learn? Insights from Variational Spline Theory}, 
      author={Rahul Parhi and Robert D. Nowak},
      year={2021},
      eprint={2105.03361},
      archivePrefix={arXiv},
      primaryClass={stat.ML}
}

@article{carlier2008remarks,
author = {Carlier, G.},
year = {2008},
month = {09},
pages = {},
title = {Remarks on Toland's duality, convexity constraint and optimal transport},
volume = {4},
journal = {Pacific Journal of Optimization}
}

@article{ekeland2014optimal,
author = {Ekeland, Ivar and Schachermayer, Walter},
year = {2014},
month = {10},
pages = {},
title = {Optimal transport and the geometry of {$L^1(\mathbb{R}^d)$}},
volume = {142},
journal = {Proceedings of the American Mathematical Society},
}

@article{Cai2022TheLH,
  title={The Linearized {Hellinger--Kantorovich} Distance},
  author={Tianji Cai and Junyi Cheng and Bernhard Schmitzer and Matthew Thorpe},
  journal={SIAM Journal on Imaging Sciences},
  year={2022}
}

@article{bronshtein1976entropy,
  title={$\epsilon$-Entropy of convex sets and functions},
  author={Efim M. Bronshtein},
  journal={Siberian Mathematical Journal},
  year={1976},
  volume={17},
  pages={393-398}
}

@book{wainwright2019high,
  title={High-Dimensional Statistics: A Non-Asymptotic Viewpoint},
  author={Wainwright, Martin J.},
  series={Cambridge Series in Statistical and Probabilistic Mathematics},
  year={2019},
  publisher={Cambridge University Press}
}

@inproceedings{yang2018thephysical,
 author = {Yang, Lin and Arora, Raman and Braverman, Vladimir and Zhao, Tuo},
 booktitle = {Advances in Neural Information Processing Systems},
 publisher = {Curran Associates, Inc.},
 title = {The Physical Systems Behind Optimization Algorithms},
 volume = {31},
 year = {2018}
}

@article{su2016adifferential,
  author  = {Weijie Su and Stephen Boyd and Emmanuel J. Cand{{\`e}}s},
  title   = {A Differential Equation for Modeling {Nesterov's} Accelerated Gradient Method: Theory and Insights},
  journal = {Journal of Machine Learning Research},
  year    = {2016},
  volume  = {17},
  number  = {153},
  pages   = {1-43},
}

@article{nesterov1983amethod,
  title={A method for solving the convex programming problem with convergence rate {$O(1/k^2)$}},
  author={Yurii Nesterov},
  journal={Proceedings of the USSR Academy of Sciences},
  year={1983},
  volume={269},
  pages={543-547}
}

@book{nesterov2003introductory,
  title={Introductory Lectures on Convex Optimization: A Basic Course},
  author={Nesterov, Y.},
  series={Applied Optimization},
  year={2003},
  publisher={Springer US}
}


@InProceedings{gower2019sgd,
  title = 	 {{SGD}: General Analysis and Improved Rates},
  author =       {Gower, Robert Mansel and Loizou, Nicolas and Qian, Xun and Sailanbayev, Alibek and Shulgin, Egor and Richt{\'a}rik, Peter},
  booktitle = 	 {Proceedings of the 36th International Conference on Machine Learning},
  pages = 	 {5200--5209},
  year = 	 {2019},
  volume = 	 {97},
}

@article{bottou2016optimization,
author = {Bottou, Léon and Curtis, Frank E. and Nocedal, Jorge},
year = {2016},
month = {06},
title = {Optimization Methods for Large-Scale Machine Learning},
volume = {60},
journal = {SIAM Review},
}

@article{needell2014stochastic,
  title={Stochastic gradient descent, weighted sampling, and the randomized {Kaczmarz} algorithm},
  author={Deanna Needell and Rachel A. Ward and Nathan Srebro},
  journal={Mathematical Programming},
  year={2014},
  volume={155},
  pages={549-573}
}

@misc{stich2019unified,
      title={Unified Optimal Analysis of the (Stochastic) Gradient Method}, 
      author={Sebastian U. Stich},
      year={2019},
      eprint={1907.04232},
      archivePrefix={arXiv},
      primaryClass={cs.LG}
}

@inproceedings{liu2020animproved,
 author = {Liu, Yanli and Gao, Yuan and Yin, Wotao},
 booktitle = {Advances in Neural Information Processing Systems},
 pages = {18261--18271},
 publisher = {Curran Associates, Inc.},
 title = {An Improved Analysis of Stochastic Gradient Descent with Momentum},
 volume = {33},
 year = {2020}
}

@inproceedings{gitman2019understanding,
 author = {Gitman, Igor and Lang, Hunter and Zhang, Pengchuan and Xiao, Lin},
 booktitle = {Advances in Neural Information Processing Systems},
 publisher = {Curran Associates, Inc.},
 title = {Understanding the Role of Momentum in Stochastic Gradient Methods},
 volume = {32},
 year = {2019}
}

@article{polyak1964some,
title = {Some methods of speeding up the convergence of iteration methods},
journal = {USSR Computational Mathematics and Mathematical Physics},
volume = {4},
number = {5},
pages = {1-17},
year = {1964},
author = {B.T. Polyak},
}

@article{gurbuzbalaban2015whyrandom,
author = {Gürbüzbalaban, Mert and Ozdaglar, Asu and Parrilo, Pablo},
year = {2015},
month = {10},
title = {Why Random Reshuffling Beats Stochastic Gradient Descent},
volume = {186},
journal = {Mathematical Programming},
}

@inproceedings{mishchenko2020random,
 author={Konstantin Mishchenko and Ahmed Khaled and Peter Richtárik},
 booktitle = {Advances in Neural Information Processing Systems},
 publisher = {Curran Associates, Inc.},
 title={Random Reshuffling: Simple Analysis with Vast Improvements},
 year = {2020}
}

@inproceedings{aybat2019auniversally,
 author = {Aybat, Necdet Serhat and Fallah, Alireza and Gurbuzbalaban, Mert and Ozdaglar, Asuman},
 booktitle = {Advances in Neural Information Processing Systems},
 publisher = {Curran Associates, Inc.},
 title = {A Universally Optimal Multistage Accelerated Stochastic Gradient Method},
 volume = {32},
 year = {2019}
}


@InProceedings{recht2012toward,
  title = 	 {Toward a Noncommutative Arithmetic-geometric Mean Inequality: Conjectures, Case-studies, and Consequences},
  author = 	 {Recht, Benjamin and Re, Christopher},
  booktitle = 	 {Proceedings of the 25th Annual Conference on Learning Theory},
  pages = 	 {11.1--11.24},
  year = 	 {2012},
  volume = 	 {23},
  series = 	 {Proceedings of Machine Learning Research},
}

@inproceedings{rakhlin2012making, 
    author = {Rakhlin, Alexander and Shamir, Ohad and Sridharan, Karthik}, 
    title = {Making Gradient Descent Optimal for Strongly Convex Stochastic Optimization}, 
    year = {2012},
    booktitle = {Proceedings of the 29th International Coference on International Conference on Machine Learning},
    pages = {1571–1578},
    numpages = {8},
}


@InProceedings{drori2020thecomplexity,
  title = 	 {The Complexity of Finding Stationary Points with Stochastic Gradient Descent},
  author =       {Drori, Yoel and Shamir, Ohad},
  booktitle = 	 {Proceedings of the 37th International Conference on Machine Learning},
  pages = 	 {2658--2667},
  year = 	 {2020},
  volume = 	 {119},
  series = 	 {Proceedings of Machine Learning Research},
}

@inproceedings{nguyen2019tight,
 author = {Nguyen, Phuong Ha and Nguyen, Lam and van Dijk, Marten},
 booktitle = {Advances in Neural Information Processing Systems},
 publisher = {Curran Associates, Inc.},
 title = {Tight Dimension Independent Lower Bound on the Expected Convergence Rate for Diminishing Step Sizes in SGD},
 volume = {32},
 year = {2019}
}

@InProceedings{lai2020rechtre,
  title={Recht-R\'e Noncommutative Arithmetic-Geometric Mean Conjecture is False}, 
  author={Zehua Lai and Lek-Heng Lim},
  booktitle = 	 {Proceedings of the 37th International Conference on Machine Learning},
  year = 	 {2020},
}


@InProceedings{haochen2019random,
  title = 	 {Random Shuffling Beats {SGD} after Finite Epochs},
  author =       {Haochen, Jeff and Sra, Suvrit},
  booktitle = 	 {Proceedings of the 36th International Conference on Machine Learning},
  pages = 	 {2624--2633},
  year = 	 {2019},
  volume = 	 {97},
  series = 	 {Proceedings of Machine Learning Research},
}


@InProceedings{nagaraj2019sgd,
  title = 	 {{SGD} without Replacement: Sharper Rates for General Smooth Convex Functions},
  author =       {Nagaraj, Dheeraj and Jain, Prateek and Netrapalli, Praneeth},
  booktitle = 	 {Proceedings of the 36th International Conference on Machine Learning},
  pages = 	 {4703--4711},
  year = 	 {2019},
  volume = 	 {97},
  series = 	 {Proceedings of Machine Learning Research},
}


@InProceedings{safran2020howgood,
  title = 	 {How Good is SGD with Random Shuffling?},
  author =       {Safran, Itay and Shamir, Ohad},
  booktitle = 	 {Proceedings of Thirty Third Conference on Learning Theory},
  pages = 	 {3250--3284},
  year = 	 {2020},
  volume = 	 {125},
  series = 	 {Proceedings of Machine Learning Research},
}


@InProceedings{rajput2020closing,
  title = 	 {Closing the convergence gap of {SGD} without replacement},
  author =       {Rajput, Shashank and Gupta, Anant and Papailiopoulos, Dimitris},
  booktitle = 	 {Proceedings of the 37th International Conference on Machine Learning},
  pages = 	 {7964--7973},
  year = 	 {2020},
  volume = 	 {119},
  series = 	 {Proceedings of Machine Learning Research},
}

@article{blum1954approximation,
author = {Julius R. Blum},
title = {{Approximation Methods which Converge with Probability one}},
volume = {25},
journal = {The Annals of Mathematical Statistics},
number = {2},
publisher = {Institute of Mathematical Statistics},
pages = {382 -- 386},
year = {1954},
}

@inproceedings{
dwivedi2022generalized,
title={Generalized Kernel Thinning},
author={Raaz Dwivedi and Lester Mackey},
booktitle={International Conference on Learning Representations},
year={2022},
}


@InProceedings{dwivedi2021kernel,
  title = 	 {Kernel Thinning},
  author =       {Dwivedi, Raaz and Mackey, Lester},
  booktitle = 	 {Proceedings of Thirty Fourth Conference on Learning Theory},
  pages = 	 {1753--1753},
  year = 	 {2021},
  volume = 	 {134},
  series = 	 {Proceedings of Machine Learning Research},
  month = 	 {15--19 Aug},
  publisher =    {PMLR},
}

@inproceedings{sutherland2017generative,
  author = {Sutherland, Danica J. and Tung, Hsiao-Yu and Strathmann, Heiko and De, Soumyajit and Ramdas, Aaditya and Smola, Alex and Gretton, Arthur},
  title = {Generative Models and Model Criticism via Optimized Maximum Mean Discrepancy},
  booktitle={International Conference on Learning Representations},
  year={2017},
}

@misc{schrab2021mmd,
  author = {Schrab, Antonin and Kim, Ilmun and Albert, Mélisande and Laurent, Béatrice and Guedj, Benjamin and Gretton, Arthur},
  title = {{MMD} Aggregated Two-Sample Test},
  publisher = {arXiv},
  year = {2021},
}

@inproceedings{
shetty2022distribution,
title={Distribution Compression in Near-Linear Time},
author={Abhishek Shetty and Raaz Dwivedi and Lester Mackey},
booktitle={International Conference on Learning Representations},
year={2022},
}

@book{boucheron2013concentration,
  title={Concentration Inequalities: A Nonasymptotic Theory of Independence},
  author={Boucheron, S. and Lugosi, G. and Massart, P.},
  year={2013},
  publisher={OUP Oxford}
}

@article{hoeffding1948aclass,
author = {Wassily Hoeffding},
title = {{A Class of Statistics with Asymptotically Normal Distribution}},
volume = {19},
journal = {The Annals of Mathematical Statistics},
number = {3},
publisher = {Institute of Mathematical Statistics},
pages = {293 -- 325},
year = {1948},
}

@article{kim2022minimax,
author = {Ilmun Kim and Sivaraman Balakrishnan and Larry Wasserman},
title = {{Minimax optimality of permutation tests}},
volume = {50},
journal = {The Annals of Statistics},
number = {1},
publisher = {Institute of Mathematical Statistics},
pages = {225 -- 251},
year = {2022},
}

@article{dvoretzky1956asymptotic,
author = {A. Dvoretzky and J. Kiefer and J. Wolfowitz},
title = {{Asymptotic Minimax Character of the Sample Distribution Function and of the Classical Multinomial Estimator}},
volume = {27},
journal = {The Annals of Mathematical Statistics},
number = {3},
publisher = {Institute of Mathematical Statistics},
pages = {642 -- 669},
year = {1956},
}

@inproceedings{kubler2020learning,
  author={Jonas M. Kübler and Wittawat Jitkrittum and Bernhard Schölkopf and Krikamol Muandet},
  title={Learning Kernel Tests Without Data Splitting},
  year={2020},
  booktitle = {Advances in Neural Information Processing Systems},
  publisher = {Curran Associates, Inc.},
}

@article{romano2005exact,
author = {Joseph P Romano and Michael Wolf},
title = {Exact and Approximate Stepdown Methods for Multiple Hypothesis Testing},
journal = {Journal of the American Statistical Association},
volume = {100},
number = {469},
pages = {94-108},
year  = {2005},
publisher = {Taylor & Francis},
}

@misc{albert2019adaptive,
  author = {Albert, Mélisande and Laurent, Béatrice and Marrel, Amandine and Meynaoui, Anouar},
  title = {Adaptive test of independence based on HSIC measures},
  publisher = {arXiv},
  year = {2019},
}

@inproceedings{gretton2012optimal,
 author = {Gretton, Arthur and Sejdinovic, Dino and Strathmann, Heiko and Balakrishnan, Sivaraman and Pontil, Massimiliano and Fukumizu, Kenji and Sriperumbudur, Bharath K.},
 booktitle = {Advances in Neural Information Processing Systems},
 editor = {F. Pereira and C.J. Burges and L. Bottou and K.Q. Weinberger},
 pages = {},
 publisher = {Curran Associates, Inc.},
 title = {Optimal kernel choice for large-scale two-sample tests},
 volume = {25},
 year = {2012}
}

@article{lecun2010mnist,
  author = {LeCun, Yann and Cortes, Corinna},
  title = {{MNIST} handwritten digit database},
  url = {http://yann.lecun.com/exdb/mnist/},
  year = {2010}
}

@inproceedings{zaremba2013btest,
 author = {Zaremba, Wojciech and Gretton, Arthur and Blaschko, Matthew},
 booktitle = {Advances in Neural Information Processing Systems},
 editor = {C.J. Burges and L. Bottou and M. Welling and Z. Ghahramani and K.Q. Weinberger},
 pages = {},
 publisher = {Curran Associates, Inc.},
 title = {B-test: A Non-parametric, Low Variance Kernel Two-sample Test},
 volume = {26},
 year = {2013}
}

@inbook{alweiss2021discrepancy, 
    author = {Alweiss, Ryan and Liu, Yang P. and Sawhney, Mehtaab}, 
    title = {Discrepancy Minimization via a Self-Balancing Walk},
    year = {2021}, 
    publisher = {Association for Computing Machinery}, 
    address = {New York, NY, USA}, 
    booktitle = {Proceedings of the 53rd Annual ACM SIGACT Symposium on Theory of Computing}, 
    pages = {14–20}, numpages = {7} 
}

@inproceedings{chwialkowski2016akernel,
  author    = {Kacper Chwialkowski and
               Heiko Strathmann and
               Arthur Gretton},
  title     = {A Kernel Test of Goodness of Fit},
  booktitle = {Proceedings of the 33nd International Conference on Machine Learning,
               {ICML} 2016, New York City, NY, USA, June 19-24, 2016},
  series    = {{JMLR} Workshop and Conference Proceedings},
  volume    = {48},
  pages     = {2606--2615},
  year      = {2016},
}

@Inbook{saitoh1999applications,
author={Saitoh, Saburou},
title={Applications of the General Theory of Reproducing Kernels},
bookTitle={Reproducing Kernels and their Applications},
year={1999},
publisher={Springer US},
address={Boston, MA},
pages={165--188},
}

@misc{jin2019ashort,
  author = {Jin, Chi and Netrapalli, Praneeth and Ge, Rong and Kakade, Sham M. and Jordan, Michael I.},
  title = {A Short Note on Concentration Inequalities for Random Vectors with SubGaussian Norm},
  publisher = {arXiv},
  year = {2019},
}

@article{hoeffding1963probability,
 author = {Wassily Hoeffding},
 journal = {Journal of the American Statistical Association},
 number = {301},
 pages = {13--30},
 publisher = {[American Statistical Association, Taylor & Francis, Ltd.]},
 title = {Probability Inequalities for Sums of Bounded Random Variables},
 volume = {58},
 year = {1963}
}

@inproceedings{liu2020learning,
  title = {Learning Deep Kernels for Non-Parametric Two-Sample Tests},
  author = {Feng Liu and Wenkai Xu and Jie Lu and Guangquan Zhang 0001 and Arthur Gretton and Dougal J. Sutherland},
  year = {2020},
  pages = {6316-6326},
  booktitle = {Proceedings of the 37th International Conference on Machine Learning, ICML 2020, 13-18 July 2020, Virtual Event},
  volume = {119},
  series = {Proceedings of Machine Learning Research},
  publisher = {PMLR},
}

@inproceedings{yamada2018post,
title={Post Selection Inference with Incomplete Maximum Mean Discrepancy Estimator},
author={Makoto Yamada and Denny Wu and Yao-Hung Hubert Tsai and Hirofumi Ohta and Ruslan Salakhutdinov and Ichiro Takeuchi and Kenji Fukumizu},
booktitle={International Conference on Learning Representations},
year={2019},
}

@misc{schrab2022efficient,
  author = {Schrab, Antonin and Kim, Ilmun and Guedj, Benjamin and Gretton, Arthur},
  title = {Efficient Aggregated Kernel Tests using Incomplete $U$-statistics},
  publisher = {arXiv},
  year = {2022},
}

@misc{NIST:DLMF,
    title = "{\it NIST Digital Library of Mathematical Functions}",
howpublished = "http://dlmf.nist.gov/, Release 1.1.6 of 2022-06-30",
    url = "http://dlmf.nist.gov/",
    note = "F.~W.~J. Olver, A.~B. {Olde Daalhuis}, D.~W. Lozier, B.~I. Schneider,
    R.~F. Boisvert, C.~W. Clark, B.~R. Miller, B.~V. Saunders,
    H.~S. Cohl, and M.~A. McClain, eds."}
    
@book{gentle2009computational,
author = {Gentle, James},
year = {2009},
month = {01},
pages = {},
title = {Computational Statistics},
isbn = {978-0-387-98143-7},
journal = {International Encyclopedia of Education},
doi = {10.1007/978-0-387-98144-4}
}

@ARTICLE{learnedmiller2008aprobabilistic,
  author={Learned-Miller, Erik and DeStefano, Joseph},
  journal={IEEE Transactions on Information Theory}, 
  title={A Probabilistic Upper Bound on Differential Entropy}, 
  year={2008},
  volume={54},
  number={11},
  pages={5223-5230},
  doi={10.1109/TIT.2008.929937}}
  
@article{tropp2012userfriendly,
  title={User-Friendly Tail Bounds for Sums of Random Matrices},
  author={Joel A. Tropp},
  journal={Foundations of Computational Mathematics},
  year={2012},
  volume={12},
  pages={389-434}
}

@inproceedings{gretton2009afast,
 author = {Gretton, Arthur and Fukumizu, Kenji and Harchaoui, Za\"{\i}d and Sriperumbudur, Bharath K.},
 booktitle = {Advances in Neural Information Processing Systems},
 pages = {},
 publisher = {Curran Associates, Inc.},
 title = {A Fast, Consistent Kernel Two-Sample Test},
 volume = {22},
 year = {2009}
}

@article{ingster1993asymptotically,
  title={Asymptotically minimax hypothesis testing for nonparametric alternatives},
  author={Y. I. Ingster},
  journal={Journal of Soviet Mathematics},
  year={1993},
  volume={44},
  pages={466-476}
}

@article{ingster1993minimax,
  title={Minimax testing of the hypothesis of independence for ellipsoids in $\ell^p$},
  author={Y. I. Ingster},
  journal={Zapiski Nauchnykh Seminarov POMI},
  year={1993},
  volume={207},
  pages={77-97}
}

@misc{li2019onthe,
  author = {Li, Tong and Yuan, Ming},
  title = {On the Optimality of Gaussian Kernel Based Nonparametric Tests against Smooth Alternatives},
  publisher = {arXiv},
  year = {2019},
}

@misc{cohen2017EMNIST,
  author = {Cohen, Gregory and Afshar, Saeed and Tapson, Jonathan and van Schaik, André},
  title = {EMNIST: an extension of MNIST to handwritten letters},
  publisher = {arXiv},
  year = {2017},
}

@article{baldi2014searching,
	year = 2014,
	publisher = {Springer Science and Business Media {LLC}
},
	volume = {5},
	number = {1},
	author = {P. Baldi and P. Sadowski and D. Whiteson},
	title = {Searching for exotic particles in high-energy physics with deep learning},
	journal = {Nature Communications}
}

@inproceedings{chaudhuri2017themean,
	year = 2017,
	month = {nov},
	publisher = {{IEEE}
},
	author = {Arin Chaudhuri and Deovrat Kakde and Carol Sadek and Laura Gonzalez and Seunghyun Kong},
	title = {The Mean and Median Criteria for Kernel Bandwidth Selection for Support Vector Data Description},
	booktitle = {2017 {IEEE} International Conference on Data Mining Workshops ({ICDMW})}
}

@article{zhang2017large,
	year = 2017,
	publisher = {Springer Science and Business Media {LLC}
},
	volume = {28},
	number = {1},
	pages = {113--130},
	author = {Qinyi Zhang and Sarah Filippi and Arthur Gretton and Dino Sejdinovic},
	title = {Large-scale kernel methods for independence testing},
	journal = {Statistics and Computing}
}

@article{zhao2015fastmmd,
	year = {2015},
	publisher = {{MIT} Press - Journals},
	volume = {27},
	number = {6},
	pages = {1345--1372},
	author = {Ji Zhao and Deyu Meng},
	title = {{FastMMD}: Ensemble of Circular Discrepancy for Efficient Two-Sample Test},
	journal = {Neural Computation}
}

@inproceedings{jitkrittum2016interpretable, 
author = {Jitkrittum, Wittawat and Szab\'{o}, Zolt\'{a}n and Chwialkowski, Kacper and Gretton, Arthur}, 
title = {Interpretable Distribution Features with Maximum Testing Power}, 
year = {2016}, 
publisher = {Curran Associates Inc.}, booktitle = {Proceedings of the 30th International Conference on Neural Information Processing Systems}, 
pages = {181–189}, 
}


@InProceedings{jitkrittum2017anadaptive,
  title = 	 {An Adaptive Test of Independence with Analytic Kernel Embeddings},
  author =       {Wittawat Jitkrittum and Zolt{\'a}n Szab{\'o} and Arthur Gretton},
  booktitle = 	 {Proceedings of the 34th International Conference on Machine Learning},
  pages = 	 {1742--1751},
  year = 	 {2017},
  month = 	 {06--11 Aug},
  publisher =    {PMLR},
}

@inproceedings{jitkrittum2017alinear,
 author = {Jitkrittum, Wittawat and Xu, Wenkai and Szabo, Zoltan and Fukumizu, Kenji and Gretton, Arthur},
 booktitle = {Advances in Neural Information Processing Systems},
 editor = {I. Guyon and U. Von Luxburg and S. Bengio and H. Wallach and R. Fergus and S. Vishwanathan and R. Garnett},
 pages = {},
 publisher = {Curran Associates, Inc.},
 title = {A Linear-Time Kernel Goodness-of-Fit Test},
 volume = {30},
 year = {2017}
}

@article{wilson1927probable,
  title={Probable inference, the law of succession, and statistical inference},
  author={Wilson, Edwin B},
  journal={Journal of the American Statistical Association},
  volume={22},
  number={158},
  pages={209--212},
  year={1927},
  publisher={Taylor \& Francis}
}


@article{bogachev2014onthe,
  author = {Bogachev, V. I. and Da Prato, G. and Röckner, M. and Shaposhnikov, S. V.},

  title = {On the uniqueness of solutions to continuity equations},
  
  publisher = {arXiv},
  
  year = {2014},
}

@misc{lipman2022flow,
  author = {Lipman, Yaron and Chen, Ricky T. Q. and Ben-Hamu, Heli and Nickel, Maximilian and Le, Matt},
  
  
  title = {Flow Matching for Generative Modeling},
  
  publisher = {arXiv},
  
  year = {2022},
}

@inproceedings{
lipman2023flow,
title={Flow Matching for Generative Modeling},
author={Yaron Lipman and Ricky T. Q. Chen and Heli Ben-Hamu and Maximilian Nickel and Matthew Le},
booktitle={The Eleventh International Conference on Learning Representations },
year={2023},
}

@misc{albergo2022building,
  author = {Albergo, Michael S. and Vanden-Eijnden, Eric},
  
  title = {Building Normalizing Flows with Stochastic Interpolants},
  
  publisher = {arXiv},
  
  year = {2022},
}

@inproceedings{
albergo2023building,
title={Building Normalizing Flows with Stochastic Interpolants},
author={Michael Samuel Albergo and Eric Vanden-Eijnden},
booktitle={The Eleventh International Conference on Learning Representations },
year={2023},
}

@article{gabrie2022adaptive,
	year = 2022,
	month = {mar},
  
	publisher = {Proceedings of the National Academy of Sciences},
  
	volume = {119},
  
	number = {10},
  
	author = {Marylou Gabri{\'{e}
} and Grant M. Rotskoff and Eric Vanden-Eijnden},
  
	title = {Adaptive Monte Carlo augmented with normalizing flows},
  
	journal = {Proceedings of the National Academy of Sciences}
}

@inproceedings{
d'angelo2021annealed,
title={Annealed Stein Variational Gradient Descent},
author={Francesco D'Angelo and Vincent Fortuin},
booktitle={Third Symposium on Advances in Approximate Bayesian Inference},
year={2021},
}


@article{cuestaalberto1997optimal,
title = {Optimal Transportation Plans and Convergence in Distribution},
journal = {Journal of Multivariate Analysis},
volume = {60},
number = {1},
pages = {72-83},
year = {1997},
author = {J.A. Cuesta-Albertos and C. Matrán and A. Tuero-Diaz},
}

@article{varadarajan1958ontheconvergence,
 author = {V. S. Varadarajan},
 journal = {Sankhyā: The Indian Journal of Statistics (1933-1960)},
 number = {1/2},
 pages = {23--26},
 publisher = {Springer},
 title = {On the Convergence of Sample Probability Distributions},
 volume = {19},
 year = {1958}
}

@article{liu2022rectified,
      title={Rectified Flow: A Marginal Preserving Approach to Optimal Transport}, 
      author={Qiang Liu},
      year={2022},
      journal={arXiv preprint arXiv:2209.14577},
}

@inproceedings{
liu2023flow,
title={Flow Straight and Fast: Learning to Generate and Transfer Data with Rectified Flow},
author={Xingchao Liu and Chengyue Gong and qiang liu},
booktitle={The Eleventh International Conference on Learning Representations },
year={2023},
}

@book{villani2008optimal,
  year={2008},
  title={Optimal Transport: Old and New},
  author={Villani, C.},
  series={Grundlehren der mathematischen Wissenschaften},
  publisher={Springer Berlin Heidelberg}
}

@article{caffarelli1992theregularity,
  title={The regularity of mappings with a convex potential},
  author={Luis Caffarelli},
  journal={Journal of the American Mathematical Society},
  year={1992},
  volume={5},
  pages={99-104}
}

@article{nurbekyan2020nocollision,
	year = {2020},
	publisher = {Springer Science and Business Media {LLC}
},
	volume = {82},
	number = {2},
	author = {Levon Nurbekyan and Alexander Iannantuono and Adam M. Oberman},
	title = {No-Collision Transportation Maps},
	journal = {Journal of Scientific Computing}
}

@book{villani2003topics,
  title={Topics in Optimal Transportation},
  author={Villani, C.},
  series={Graduate studies in mathematics},
  year={2003},
  publisher={American Mathematical Society}
}


@InProceedings{wang2019nonlinear,
  title = 	 {Nonlinear Stein Variational Gradient Descent for Learning Diversified Mixture Models},
  author =       {Wang, Dilin and Liu, Qiang},
  booktitle = 	 {Proceedings of the 36th International Conference on Machine Learning},
  pages = 	 {6576--6585},
  year = 	 {2019},
  editor = 	 {Chaudhuri, Kamalika and Salakhutdinov, Ruslan},
  volume = 	 {97},
  series = 	 {Proceedings of Machine Learning Research},
  month = 	 {09--15 Jun},
  publisher =    {PMLR},
}

@misc{gallego2018stochastic,
  author = {Gallego, Victor and Insua, David Rios},

  title = {Stochastic Gradient MCMC with Repulsive Forces},
  
  publisher = {arXiv},
  
  year = {2018},
}

@misc{dangelo2021onstein,
  author = {D'Angelo, Francesco and Fortuin, Vincent and Wenzel, Florian},
  
  title = {On Stein Variational Neural Network Ensembles},
  
  publisher = {arXiv},
  
  year = {2021},
}

@inproceedings{ba2022understanding,
    title={Understanding the Variance Collapse of {SVGD} in High Dimensions},
    author={Jimmy Ba and Murat A. Erdogdu and Marzyeh Ghassemi and Shengyang Sun and Taiji Suzuki and Denny Wu and Tianzong Zhang},
    booktitle={International Conference on Learning Representations},
    year={2022}
}

@misc{radford2021learning,
      title={Learning Transferable Visual Models From Natural Language Supervision}, 
      author={Alec Radford and Jong Wook Kim and Chris Hallacy and Aditya Ramesh and Gabriel Goh and Sandhini Agarwal and Girish Sastry and Amanda Askell and Pamela Mishkin and Jack Clark and Gretchen Krueger and Ilya Sutskever},
      year={2021},
      eprint={2103.00020},
      archivePrefix={arXiv},
      primaryClass={cs.CV}
}

@misc{riabiz2022optimal,
      title={Optimal Thinning of MCMC Output}, 
      author={Marina Riabiz and Wilson Chen and Jon Cockayne and Pawel Swietach and Steven A. Niederer and Lester Mackey and Chris. J. Oates},
      year={2022},
      eprint={2005.03952},
      archivePrefix={arXiv},
      primaryClass={stat.ME}
}

@article{kappen2005path,
	year = 2005,
	month = {nov},
	volume = {2005},
	number = {11},
	author = {H J Kappen},
	title = {Path integrals and symmetry breaking for optimal control theory},
	journal = {Journal of Statistical Mechanics: Theory and Experiment}
}

@article{onken2023aneural,
	year = 2023,
	month = {jan},
	publisher = {Institute of Electrical and Electronics Engineers ({IEEE})},
	volume = {31},
	number = {1},
	pages = {235--251},
	author = {Derek Onken and Levon Nurbekyan and Xingjian Li and Samy Wu Fung and Stanley Osher and Lars Ruthotto},
	title = {A Neural Network Approach for High-Dimensional Optimal Control Applied to Multiagent Path Finding},
	journal = {{IEEE} Transactions on Control Systems Technology}
}

@article{vanhandel2007stochastic,
    title = {Stochastic calculus, filtering, and stochastic control},
    author = {Van Handel, Ramon},
    journal = {Course notes, URL http://www. prince- ton. edu/rvan/acm217/ACM217},
    year = {2007}
}

@book{yong1999stochastic,
  title={Stochastic controls: Hamiltonian systems and HJB equations},
  author={Yong, Jiongmin and Zhou, Xun Yu},
  volume={43},
  year={1999},
  publisher={Springer Science \& Business Media}
}

@article{nüsken2023solving,
  title={Solving high-dimensional {H}amilton--{J}acobi--{B}ellman PDEs using neural networks: perspectives from the theory of controlled diffusions and measures on path space},
  author={N{\"u}sken, Nikolas and Richter, Lorenz},
  journal={Partial differential equations and applications},
  volume={2},
  pages={1--48},
  year={2021},
  publisher={Springer}
}

@book{karatzas1991brownian,
  title={Brownian Motion and Stochastic Calculus},
  author={Karatzas, I. and Shreve, S.},
  series={Graduate Texts in Mathematics (113) (Book 113)},
  year={1991},
  publisher={Springer New York}
}

@Article{hartmann2017variational,
AUTHOR = {Hartmann, Carsten and Richter, Lorenz and Schütte, Christof and Zhang, Wei},
TITLE = {Variational Characterization of Free Energy: Theory and Algorithms},
JOURNAL = {Entropy},
VOLUME = {19},
YEAR = {2017},
NUMBER = {11},
ARTICLE-NUMBER = {626},
}

@article{hutton1984interchanging,
title = {Interchanging the order of differentiation and stochastic integration},
journal = {Stochastic Processes and their Applications},
volume = {18},
number = {2},
pages = {371-377},
year = {1984},
author = {James E. Hutton and Paul I. Nelson},
abstract = {Conditions are given under which the order of differentiation with respect to a parameter and integration with respect to a locally square-integrable martingale may be interchanged.}
}

@article{ma2020finite,
  author = {Jingtang Ma and Jianjun Ma},
  title = {Finite Difference Methods for the Hamilton-Jacobi-Bellman Equations Arising in Regime Switching Utility Maximization},
  journal = {J. Sci. Comput.},
  volume = {85},
  number = {3},
  pages = {55},
  year = {2020},
}

@article{baas2022numerical,
  title={Numerical Approximation of a System of Hamilton–Jacobi–Bellman Equations Arising in Innovation Dynamics},
  author={L’ubom{\'i}r Baňas and Herbert Dawid and Tsiry Avisoa Randrianasolo and Johannes Storn and Xin Wen},
  journal={Journal of Scientific Computing},
  year={2022},
  volume={92},
}

@article{greif2017numerical,
  title={Numerical methods for hamilton-jacobi-bellman equations},
  author={Greif, Constantin},
  year={2017}
}

@article{bonnans2004afast,
author = {Bonnans, J. and Ottenwaelter, Elisabeth and Zidani, Hasnaa},
year = {2004},
month = {07},
pages = {},
title = {A fast algorithm for the two dimensional HJB equation of stochastic control},
volume = {38},
journal = {M2AN. Mathematical Modelling and Numerical Analysis. ESAIM, European Series in Applied and Industrial Mathematics},
}

@article{jensen2013onthe,
author = {Jensen, Max and Smears, Iain},
title = {On the Convergence of Finite Element Methods for Hamilton--Jacobi--Bellman Equations},
journal = {SIAM Journal on Numerical Analysis},
volume = {51},
number = {1},
pages = {137-162},
year = {2013},
}

@article{debrabant2013semilagrangian,
 author = {Kristian Debrabant and Espen R. Jakobsen},
 journal = {Mathematics of Computation},
 number = {283},
 pages = {1433--1462},
 publisher = {American Mathematical Society},
 title = {SEMI-LAGRANGIAN SCHEMES FOR LINEAR AND FULLY NON-LINEAR DIFFUSION EQUATIONS},
 urldate = {2023-11-22},
 volume = {82},
 year = {2013}
}

@article{carlini2020asemilagrangian, 
    author = {Carlini, E. and Festa, A. and Forcadel, N.},
    title = {A {semi-Lagrangian} Scheme for {Hamilton--Jacobi--Bellman} Equations on Networks}, 
    year = {2020}, 
    publisher = {Society for Industrial and Applied Mathematics},
    volume = {58}, 
    number = {6}, 
    journal = {SIAM J. Numer. Anal.}, 
    pages = {3165–3196}
}

@article{calzola2022asemilagrangian,
  TITLE = {{A semi-Lagrangian scheme for Hamilton--Jacobi--Bellman equations with oblique derivatives boundary conditions}},
  AUTHOR = {Calzola, Elisa and Carlini, Elisabetta and Dupuis, Xavier and Silva, Francisco},
  JOURNAL = {{Numerische Mathematik}},
  PUBLISHER = {{Springer Verlag}},
  PAGES = {153},
  YEAR = {2022},
}

@misc{goldstein2002classical,
  title={Classical mechanics},
  author={Goldstein, Herbert and Poole, Charles and Safko, John},
  year={2002},
  publisher={American Association of Physics Teachers}
}

@book{yong1999stochastic,
  title={Stochastic controls: Hamiltonian systems and HJB equations},
  author={Yong, Jiongmin and Zhou, Xun Yu},
  volume={43},
  year={1999},
  publisher={Springer Science \& Business Media}
}

@book{carmona2016lectures,
  title={Lectures on BSDEs, stochastic control, and stochastic differential games with financial applications},
  author={Carmona, Ren{\'e}},
  volume={1},
  year={2016},
  publisher={SIAM}
}

@book{nisio2014stochastic,
  title={Stochastic control theory: Dynamic programming principle},
  author={Nisio, Makiko},
  volume={72},
  year={2014},
  publisher={Springer}
}

@book{carmona2018probabilistic,
  title={Probabilistic Theory of Mean Field Games with Applications I-II},
  author={Carmona, Ren{\'e} and Delarue, Fran{\c{c}}ois and others},
  year={2018},
  publisher={Springer}
}

@book{feng2006large,
  title={Large deviations for stochastic processes},
  author={Feng, Jin and Kurtz, Thomas G},
  number={131},
  year={2006},
  publisher={American Mathematical Soc.}
}

@article{hartmann2019variational,
  title={Variational approach to rare event simulation using least-squares regression},
  author={Hartmann, Carsten and Kebiri, Omar and Neureither, Lara and Richter, Lorenz},
  journal={Chaos: An Interdisciplinary Journal of Nonlinear Science},
  volume={29},
  number={6},
  pages={063107},
  year={2019},
  publisher={AIP Publishing LLC}
}

@inproceedings{kebiri2017adaptive,
  title={Adaptive importance sampling with forward-backward stochastic differential equations},
  author={Kebiri, Omar and Neureither, Lara and Hartmann, Carsten},
  booktitle={International workshop on Stochastic Dynamics out of Equilibrium},
  pages={265--281},
  year={2017},
  organization={Springer}
}

@article{hartmann2018importance,
  title={Importance sampling in path space for diffusion processes with slow-fast variables},
  author={Hartmann, Carsten and Sch{\"u}tte, Christof and Weber, Marcus and Zhang, Wei},
  journal={Probability Theory and Related Fields},
  volume={170},
  number={1-2},
  pages={177--228},
  year={2018},
  publisher={Springer}
}

@article{zhang2014applications,
  title={Applications of the cross-entropy method to importance sampling and optimal control of diffusions},
  author={Zhang, Wei and Wang, Han and Hartmann, Carsten and Weber, Marcus and Schütte, Christof},
  journal={SIAM Journal on Scientific Computing},
  volume={36},
  number={6},
  pages={A2654--A2672},
  year={2014},
  publisher={SIAM}
}

@article{hartmann2014characterization,
  title={Characterization of rare events in molecular dynamics},
  author={Hartmann, Carsten and Banisch, Ralf and Sarich, Marco and Badowski, Tomasz and Sch{\"u}tte, Christof},
  journal={Entropy},
  volume={16},
  number={1},
  pages={350--376},
  year={2014},
  publisher={Multidisciplinary Digital Publishing Institute}
}

@article{hartmann2012efficient,
  title={Efficient rare event simulation by optimal nonequilibrium forcing},
  author={Hartmann, Carsten and Sch{\"u}tte, Christof},
  journal={Journal of Statistical Mechanics: Theory and Experiment},
  volume={2012},
  number={11},
  pages={P11004},
  year={2012},
  publisher={IOP Publishing}
}

@article{reich2019data,
  title={Data assimilation: The {S}chr{\"o}dinger perspective},
  author={Reich, Sebastian},
  journal={Acta Numerica},
  volume={28},
  pages={635--711},
  year={2019},
  publisher={Cambridge University Press}
}

@article{mitter1996filtering,
  title={Filtering and stochastic control: A historical perspective},
  author={Mitter, Sanjoy K},
  journal={IEEE Control Systems Magazine},
  volume={16},
  number={3},
  pages={67--76},
  year={1996},
  publisher={IEEE}
}

@article{chaudhari2018deep,
  title={Deep relaxation: partial differential equations for optimizing deep neural networks},
  author={Chaudhari, Pratik and Oberman, Adam and Osher, Stanley and Soatto, Stefano and Carlier, Guillaume},
  journal={Research in the Mathematical Sciences},
  volume={5},
  number={3},
  pages={30},
  year={2018},
  publisher={Springer}
}

@article{weinan2017deep,
  title={Deep learning-based numerical methods for high-dimensional parabolic partial differential equations and backward stochastic differential equations},
  author={E, W. and Han, Jiequn and Jentzen, Arnulf},
  journal={Communications in Mathematics and Statistics},
  volume={5},
  number={4},
  pages={349--380},
  year={2017},
  publisher={Springer}
}

@incollection{pardoux1998backward,
  title={Backward stochastic differential equations and viscosity solutions of systems of semilinear parabolic and elliptic {PDE}s of second order},
  author={Pardoux, {\'E}tienne},
  booktitle={Stochastic Analysis and Related Topics VI},
  pages={79--127},
  year={1998},
  publisher={Springer}
}

@article{pardoux1990adapted,
  title={Adapted solution of a backward stochastic differential equation},
  author={Pardoux, Etienne and Peng, Shige},
  journal={Systems \& Control Letters},
  volume={14},
  number={1},
  pages={55--61},
  year={1990},
  publisher={Elsevier}
}

@article{liese2006divergences,
  title={On divergences and informations in statistics and information theory},
  author={Liese, Friedrich and Vajda, Igor},
  journal={IEEE Transactions on Information Theory},
  volume={52},
  number={10},
  pages={4394--4412},
  year={2006},
  publisher={IEEE}
}

@article{muller2018neural,
  title={Neural importance sampling},
  author={M{\"u}ller, Thomas and McWilliams, Brian and Rousselle, Fabrice and Gross, Markus and Nov{\'a}k, Jan},
  journal={arXiv:1808.03856},
  year={2018}
}

@book{ustunel2013transformation,
  title={Transformation of measure on Wiener space},
  author={{\"U}st{\"u}nel, A S{\"u}leyman and Zakai, Moshe},
  year={2013},
  publisher={Springer Science \& Business Media}
}

@article{berglund2011kramers,
  title={Kramers' law: Validity, derivations and generalisations},
  author={Berglund, Nils},
  journal={arXiv:1106.5799},
  year={2011}
}

@article{kramers1940brownian,
  title={Brownian motion in a field of force and the diffusion model of chemical reactions},
  author={Kramers, Hendrik Anthony},
  journal={Physica},
  volume={7},
  number={4},
  pages={284--304},
  year={1940},
  publisher={Elsevier}
}

@article{weinan2018deepRitz,
  title={The deep {R}itz method: a deep learning-based numerical algorithm for solving variational problems},
  author={E, W. and Yu, Bing},
  journal={Communications in Mathematics and Statistics},
  volume={6},
  number={1},
  pages={1--12},
  year={2018},
  publisher={Springer}
}

@book{fleming2006controlled,
  title={Controlled {M}arkov processes and viscosity solutions},
  author={Fleming, Wendell H and Soner, Halil Mete},
  volume={25},
  year={2006},
  publisher={Springer Science \& Business Media}
}

@article{kobylanski2000backward,
  title={Backward stochastic differential equations and partial differential equations with quadratic growth},
  author={Kobylanski, Magdalena},
  journal={Annals of Probability},
  pages={558--602},
  year={2000},
  publisher={JSTOR}
}

@article{boue1998variational,
  title={A variational representation for certain functionals of {B}rownian motion},
  author={Bou{\'e}, Michelle and Dupuis, Paul and others},
  journal={The Annals of Probability},
  volume={26},
  number={4},
  pages={1641--1659},
  year={1998},
  publisher={Institute of Mathematical Statistics}
}

@article{tzen2019theoretical,
  title={Theoretical guarantees for sampling and inference in generative models with latent diffusions},
  author={Tzen, Belinda and Raginsky, Maxim},
  journal={arXiv:1903.01608},
  year={2019}
}

@article{vanHandel2007,
  title={Stochastic calculus, filtering, and stochastic control},
  author={Van Handel, Ramon},
  journal={Course notes, URL http://www. princeton. edu/rvan/acm217/ACM217. pdf},
  volume={14},
  year={2007}
}

@inproceedings{huang2017,
  title={Densely connected convolutional networks},
  author={Huang, Gao and Liu, Zhuang and Van Der Maaten, Laurens and Weinberger, Kilian Q},
  booktitle={Proceedings of the IEEE conference on computer vision and pattern recognition},
  pages={4700--4708},
  year={2017}
}

@article{baxter2001infinite,
  title={Infinite-horizon policy-gradient estimation},
  author={Baxter, Jonathan and Bartlett, Peter L},
  journal={Journal of Artificial Intelligence Research},
  volume={15},
  pages={319--350},
  year={2001}
}

@book{kushner2013numerical,
  title={Numerical methods for stochastic control problems in continuous time},
  author={Kushner, Harold and Dupuis, Paul G},
  volume={24},
  year={2013},
  publisher={Springer Science \& Business Media}
}

@article{gobet2005sensitivity,
  title={Sensitivity analysis using {I}t{\^o}--{M}alliavin calculus and martingales, and application to stochastic optimal control},
  author={Gobet, Emmanuel and Munos, R{\'e}mi},
  journal={SIAM Journal on control and optimization},
  volume={43},
  number={5},
  pages={1676--1713},
  year={2005},
  publisher={SIAM}
}

@article{tzen2019neural,
  title={Neural stochastic differential equations: Deep latent {G}aussian models in the diffusion limit},
  author={Tzen, Belinda and Raginsky, Maxim},
  journal={arXiv:1905.09883},
  year={2019}
}

@book{pavliotis2014stochastic,
  title={Stochastic processes and applications: diffusion processes, the Fokker-Planck and Langevin equations},
  author={Pavliotis, Grigorios A},
  volume={60},
  year={2014},
  publisher={Springer}
}

@book{pham2009continuous,
  title={Continuous-time stochastic control and optimization with financial applications},
  author={Pham, Huy{\^e}n},
  volume={61},
  year={2009},
  publisher={Springer Science \& Business Media}
}

@book{klenke2013probability,
  title={Probability theory: a comprehensive course},
  author={Klenke, Achim},
  year={2013},
  publisher={Springer Science \& Business Media}
}

@article{eberle2015stochastic,
  title={Stochastic analysis},
  author={Eberle, Andreas},
  journal={Available onine: http://www. mi. uni-koeln. de/stochana/ws1617/Eberle\_StochasticAnalysis2015. pdf},
  year={2015}
}

@book{pages2018numerical,
  title={Numerical probability: An introduction with applications to finance},
  author={Pag{\`e}s, Gilles},
  year={2018},
  publisher={Springer}
}

@incollection{kunita1984stochastic,
  title={Stochastic differential equations and stochastic flows of diffeomorphisms},
  author={Kunita, Hiroshi},
  booktitle={Ecole d'{\'e}t{\'e} de probabilit{\'e}s de Saint-Flour XII-1982},
  pages={143--303},
  year={1984},
  publisher={Springer}
}

@book{bucklew2013introduction,
  title={Introduction to rare event simulation},
  author={Bucklew, James},
  year={2013},
  publisher={Springer Science \& Business Media}
}

@book{schutte2003biomolecular,
  title={Biomolecular conformations can be identified as metastable sets of molecular dynamics},
  author={Sch{\"u}tte, Christof and Huisinga, Wilhelm},
  year={2003},
  publisher={Elsevier}
}

@incollection{weinan2004metastability,
  title={Metastability, conformation dynamics, and transition pathways in complex systems},
  author={E, W. and Vanden-Eijnden, Eric},
  booktitle={Multiscale modelling and simulation},
  pages={35--68},
  year={2004},
  publisher={Springer}
}

@book{schutte2013metastability,
  title={Metastability and {M}arkov State Models in Molecular Dynamics},
  author={Sch{\"u}tte, Christof and Sarich, Marco},
  volume={24},
  year={2013},
  publisher={American Mathematical Soc.}
}

@article{eigel2019variational,
  title={Variational {M}onte {C}arlo—bridging concepts of machine learning and high-dimensional partial differential equations},
  author={Eigel, Martin and Schneider, Reinhold and Trunschke, Philipp and Wolf, Sebastian},
  journal={Advances in Computational Mathematics},
  volume={45},
  number={5-6},
  pages={2503--2532},
  year={2019},
  publisher={Springer}
}

@book{siddiqi1986functional,
  title={Functional analysis with applications},
  author={Siddiqi, Abul Hasan and Nanda, Sudarsan},
  year={1986},
  publisher={Springer}
}

@article{daipra91,
  title={A stochastic control approach to reciprocal diffusion processes},
  author={Dai Pra, Paolo},
  journal={Applied mathematics and Optimization},
  volume={23},
  number={1},
  pages={313--329},
  year={1991},
  publisher={Springer}
}

@article{dai1996connections,
  title={Connections between stochastic control and dynamic games},
  author={Dai Pra, Paolo and Meneghini, Lorenzo and Runggaldier, Wolfgang J},
  journal={Mathematics of Control, Signals and Systems},
  volume={9},
  number={4},
  pages={303--326},
  year={1996},
  publisher={Springer}
}

@article{dupuis2004importance,
  title={Importance sampling, large deviations, and differential games},
  author={Dupuis, Paul and Wang, Hui},
  journal={Stochastics: An International Journal of Probability and Stochastic Processes},
  volume={76},
  number={6},
  pages={481--508},
  year={2004},
  publisher={Taylor \& Francis}
}

@article{bertsekas2011dynamic,
  title={Dynamic programming and optimal control, 3rd edition, volume {II}},
  author={Bertsekas, Dimitri P},
  journal={Belmont, MA: Athena Scientific},
  year={2011}
}

@article{powell2019reinforcement,
  title={From Reinforcement Learning to Optimal Control: A unified framework for sequential decisions},
  author={Powell, Warren B},
  journal={arXiv:1912.03513},
  year={2019}
}

@article{oster2019approximating,
  title={Approximating the Stationary {H}amilton-{J}acobi-{B}ellman Equation by Hierarchical Tensor Products},
  author={Oster, Mathias and Sallandt, Leon and Schneider, Reinhold},
  journal={arXiv:1911.00279},
  year={2019}
}

@book{gobet2016monte,
  title={{M}onte-{C}arlo methods and stochastic processes: from linear to non-linear},
  author={Gobet, Emmanuel},
  year={2016},
  publisher={CRC Press}
}

@article{gobet2005regression,
  title={A regression-based {M}onte {C}arlo method to solve backward stochastic differential equations},
  author={Gobet, Emmanuel and Lemor, Jean-Philippe and Warin, Xavier and others},
  journal={The Annals of Applied Probability},
  volume={15},
  number={3},
  pages={2172--2202},
  year={2005},
  publisher={Institute of Mathematical Statistics}
}

@article{zhang2004numerical,
  title={A numerical scheme for {BSDEs}},
  author={Zhang, Jianfeng and others},
  journal={The annals of applied probability},
  volume={14},
  number={1},
  pages={459--488},
  year={2004},
  publisher={Institute of Mathematical Statistics}
}

@article{hure2019some,
  title={Some machine learning schemes for high-dimensional nonlinear {PDE}s},
  author={Hur{\'e}, C{\^o}me and Pham, Huy{\^e}n and Warin, Xavier},
  journal={arXiv:1902.01599},
  year={2019}
}

@article{raissi2018forward,
  title={Forward-backward stochastic neural networks: Deep learning of high-dimensional partial differential equations},
  author={Raissi, Maziar},
  journal={arXiv:1804.07010},
  year={2018}
}

@article{grohs2018proof,
  title={A proof that artificial neural networks overcome the curse of dimensionality in the numerical approximation of {B}lack-{S}choles partial differential equations},
  author={Grohs, Philipp and Hornung, Fabian and Jentzen, Arnulf and Von Wurstemberger, Philippe},
  journal={arXiv:1809.02362},
  year={2018}
}

@article{jentzen2018proof,
  title={A proof that deep artificial neural networks overcome the curse of dimensionality in the numerical approximation of {K}olmogorov partial differential equations with constant diffusion and nonlinear drift coefficients},
  author={Jentzen, Arnulf and Salimova, Diyora and Welti, Timo},
  journal={arXiv:1809.07321},
  year={2018}
}

@book{rubinstein2013cross,
  title={The cross-entropy method: a unified approach to combinatorial optimization, {M}onte-{C}arlo simulation and machine learning},
  author={Rubinstein, Reuven Y and Kroese, Dirk P},
  year={2013},
  publisher={Springer Science \& Business Media}
}

@article{heng2017controlled,
  title={Controlled sequential {M}onte {C}arlo},
  author={Heng, Jeremy and Bishop, Adrian N and Deligiannidis, George and Doucet, Arnaud},
  journal={arXiv:1708.08396},
  year={2017}
}

@book{touzi2012optimal,
  title={Optimal stochastic control, stochastic target problems, and backward SDE},
  author={Touzi, Nizar},
  volume={29},
  year={2012},
  publisher={Springer Science \& Business Media}
}

@inproceedings{espejo1999covariance,
  title={Covariance of sample moments for simple random sampling with replacement of a finite population},
  author={Espejo, M Ruiz and Singh, Housila P},
  booktitle={MATHEMATICAL PROCEEDINGS-ROYAL IRISH ACADEMY},
  volume={99},
  pages={171--178},
  year={1999}
}

@article{pham2019neural,
  title={Neural networks-based backward scheme for fully nonlinear {PDE}s},
  author={Pham, Huyen and Pham, Huy{\^e}n and Warin, Xavier},
  journal={arXiv:1908.00412},
  year={2019}
}

@book{bellman1957,
  title={Dynamic programming},
  author={Bellman, Richard},
  year={1957},
  publisher={Princeton Landmarks in Mathematics. Princeton University Press, Princeton, NJ, 2010.}
}

@article{yang1991monte,
  title={A {M}onte {C}arlo method for sensitivity analysis and parametric optimization of nonlinear stochastic systems},
  author={Yang, Jichuan and Kushner, Harold J},
  journal={SIAM journal on control and optimization},
  volume={29},
  number={5},
  pages={1216--1249},
  year={1991},
  publisher={SIAM}
}

@article{becker2019feedback,
  title={Feedback control theory \& Model order reduction for stochastic equations},
  author={Becker, Simon and Hartmann, Carsten and Redmann, Martin and Richter, Lorenz},
  journal={arXiv:1912.06113},
  year={2019}
}

@article{zhang2014optimal,
  title={Optimal control of multiscale systems using reduced-order models},
  author={Zhang, Wei and Latorre, Juan C and Pavliotis, Grigorios A and Hartmann, Carsten},
  journal={arXiv:1406.3458},
  year={2014}
}

@article{mider2019simulating,
  title={Simulating bridges using confluent diffusions},
  author={Mider, Marcin and Jenkins, Paul A and Pollock, Murray and Roberts, Gareth O and S{\o}rensen, Michael},
  journal={arXiv:1903.10184},
  year={2019}
}

@article{baudoin2002conditioned,
  title={Conditioned stochastic differential equations: theory, examples and application to finance},
  author={Baudoin, Fabrice},
  journal={Stochastic Processes and their Applications},
  volume={100},
  number={1-2},
  pages={109--145},
  year={2002},
  publisher={Elsevier}
}

@book{kloeden2013numerical,
  title={Numerical solution of stochastic differential equations},
  author={Kloeden, Peter E and Platen, Eckhard},
  volume={23},
  year={2013},
  publisher={Springer Science \& Business Media}
}

@article{kingma2014adam,
  title={Adam: A method for stochastic optimization},
  author={Kingma, Diederik P and Ba, Jimmy},
  journal={arXiv:1412.6980},
  year={2014}
}

@article{cybenko1989approximation,
  title={Approximation by superpositions of a sigmoidal function},
  author={Cybenko, George},
  journal={Mathematics of control, signals and systems},
  volume={2},
  number={4},
  pages={303--314},
  year={1989},
  publisher={Springer}
}

@article{hornik1989multilayer,
  title={Multilayer feedforward networks are universal approximators.},
  author={Hornik, Kurt and Stinchcombe, Maxwell and White, Halbert and others},
  journal={Neural networks},
  volume={2},
  number={5},
  pages={359--366},
  year={1989}
}

@inproceedings{eldan2016power,
  title={The power of depth for feedforward neural networks},
  author={Eldan, Ronen and Shamir, Ohad},
  booktitle={Conference on learning theory},
  pages={907--940},
  year={2016}
}

@article{petersen2018optimal,
  title={Optimal approximation of piecewise smooth functions using deep {ReLU} neural networks},
  author={Petersen, Philipp and Voigtlaender, Felix},
  journal={Neural Networks},
  volume={108},
  pages={296--330},
  year={2018},
  publisher={Elsevier}
}

@article{schwab2019deep,
  title={Deep learning in high dimension: Neural network expression rates for generalized polynomial chaos expansions in {UQ}},
  author={Schwab, Christoph and Zech, Jakob},
  journal={Analysis and Applications},
  volume={17},
  number={01},
  pages={19--55},
  year={2019},
  publisher={World Scientific}
}

@article{elbrachter2018dnn,
  title={{DNN} expression rate analysis of high-dimensional {PDE}s: Application to option pricing},
  author={Elbr{\"a}chter, Dennis and Grohs, Philipp and Jentzen, Arnulf and Schwab, Christoph},
  journal={arXiv:1809.07669},
  year={2018}
}

@article{blei2017variational,
  title={Variational inference: A review for statisticians},
  author={Blei, David M and Kucukelbir, Alp and McAuliffe, Jon D},
  journal={Journal of the American statistical Association},
  volume={112},
  number={518},
  pages={859--877},
  year={2017},
  publisher={Taylor \& Francis}
}

@article{zhang2018advances,
  title={Advances in variational inference},
  author={Zhang, Cheng and B{\"u}tepage, Judith and Kjellstr{\"o}m, Hedvig and Mandt, Stephan},
  journal={IEEE transactions on pattern analysis and machine intelligence},
  volume={41},
  number={8},
  pages={2008--2026},
  year={2018},
  publisher={IEEE}
}

@article{beck2020overcoming,
  title={Overcoming the curse of dimensionality in the numerical approximation of high-dimensional semilinear elliptic partial differential equations},
  author={Beck, Christian and Gonon, Lukas and Jentzen, Arnulf},
  journal={arXiv:2003.00596},
  year={2020}
}

@article{cheridito2019efficient,
  title={Efficient approximation of high-dimensional functions with deep neural networks},
  author={Cheridito, Patrick and Jentzen, Arnulf and Rossmannek, Florian},
  journal={arXiv:1912.04310},
  year={2019}
}

@article{hutzenthaler2019overcoming,
  title={Overcoming the curse of dimensionality in the numerical approximation of parabolic partial differential equations with gradient-dependent nonlinearities},
  author={Hutzenthaler, Martin and Jentzen, Arnulf and Kruse, Thomas},
  journal={arXiv:1912.02571},
  year={2019}
}

@article{grohs2019deep,
  title={Deep neural network approximations for {M}onte {C}arlo algorithms},
  author={Grohs, Philipp and Jentzen, Arnulf and Salimova, Diyora},
  journal={arXiv preprint arXiv:1908.10828},
  year={2019}
}

@article{kappen2012optimal,
  title={Optimal control as a graphical model inference problem},
  author={Kappen, Hilbert J and G{\'o}mez, Vicen{\c{c}} and Opper, Manfred},
  journal={Machine learning},
  volume={87},
  number={2},
  pages={159--182},
  year={2012},
  publisher={Springer}
}

@inproceedings{rawlik2013stochastic,
  title={On stochastic optimal control and reinforcement learning by approximate inference},
  author={Rawlik, Konrad and Toussaint, Marc and Vijayakumar, Sethu},
  booktitle={Twenty-Third International Joint Conference on Artificial Intelligence},
  year={2013}
}

@article{bierkens2014explicit,
  title={Explicit solution of relative entropy weighted control},
  author={Bierkens, Joris and Kappen, Hilbert J},
  journal={Systems \& Control Letters},
  volume={72},
  pages={36--43},
  year={2014},
  publisher={Elsevier}
}

@article{kappen2016adaptive,
  title={Adaptive importance sampling for control and inference},
  author={Kappen, Hilbert Johan and Ruiz, Hans Christian},
  journal={Journal of Statistical Physics},
  volume={162},
  number={5},
  pages={1244--1266},
  year={2016},
  publisher={Springer}
}

@article{chan2019machine,
  title={Machine learning for semilinear {PDE}s},
  author={Chan-Wai-Nam, Quentin and Mikael, Joseph and Warin, Xavier},
  journal={Journal of Scientific Computing},
  volume={79},
  number={3},
  pages={1667--1712},
  year={2019},
  publisher={Springer}
}

@inproceedings{peyrl2005numerical,
  title={Numerical solution of the {H}amilton-{J}acobi-{B}ellman equation for stochastic optimal control problems},
  author={Peyrl, Helfried and Herzog, Florian and Geering, Hans P},
  booktitle={Proc. 2005 WSEAS International Conference on Dynamical Systems and Control},
  pages={489--497},
  year={2005}
}

@article{oberman2006convergent,
  title={Convergent difference schemes for degenerate elliptic and parabolic equations: {H}amilton--{J}acobi equations and free boundary problems},
  author={Oberman, Adam M},
  journal={SIAM Journal on Numerical Analysis},
  volume={44},
  number={2},
  pages={879--895},
  year={2006},
  publisher={SIAM}
}

@incollection{achdou2013finite,
  title={Finite difference methods for mean field games},
  author={Achdou, Yves},
  booktitle={Hamilton-{J}acobi equations: approximations, numerical analysis and applications},
  pages={1--47},
  year={2013},
  publisher={Springer}
}

@article{han2018solving,
  title={Solving high-dimensional partial differential equations using deep learning},
  author={Han, Jiequn and Jentzen, Arnulf and E, W.},
  journal={Proceedings of the National Academy of Sciences},
  volume={115},
  number={34},
  pages={8505--8510},
  year={2018},
  publisher={National Acad Sciences}
}

@article{beck2019machine,
  title={Machine learning approximation algorithms for high-dimensional fully nonlinear partial differential equations and second-order backward stochastic differential equations},
  author={Beck, Christian and E, W. and Jentzen, Arnulf},
  journal={Journal of Nonlinear Science},
  volume={29},
  number={4},
  pages={1563--1619},
  year={2019},
  publisher={Springer}
}

@article{hutzenthaler2019proof,
  title={A proof that rectified deep neural networks overcome the curse of dimensionality in the numerical approximation of semilinear heat equations},
  author={Hutzenthaler, Martin and Jentzen, Arnulf and Kruse, Thomas and Nguyen, Tuan Anh},
  journal={arXiv:1901.10854},
  year={2019}
}

@article{beck2018solving,
  title={Solving stochastic differential equations and {K}olmogorov equations by means of deep learning},
  author={Beck, Christian and Becker, Sebastian and Grohs, Philipp and Jaafari, Nor and Jentzen, Arnulf},
  journal={arXiv:1806.00421},
  year={2018}
}

@article{hutzenthaler2018overcoming,
  title={Overcoming the curse of dimensionality in the numerical approximation of semilinear parabolic partial differential equations},
  author={Hutzenthaler, Martin and Jentzen, Arnulf and Kruse, Thomas and Nguyen, Tuan Anh and von Wurstemberger, Philippe},
  journal={arXiv:1807.01212},
  year={2018}
}

@article{berner2018analysis,
  title={Analysis of the generalization error: Empirical risk minimization over deep artificial neural networks overcomes the curse of dimensionality in the numerical approximation of {B}lack-{S}choles partial differential equations},
  author={Berner, Julius and Grohs, Philipp and Jentzen, Arnulf},
  journal={arXiv:1809.03062},
  year={2018}
}

@article{beck2019overcoming,
  title={Overcoming the curse of dimensionality in the numerical approximation of {A}llen-{C}ahn partial differential equations via truncated full-history recursive multilevel {P}icard approximations},
  author={Beck, Christian and Hornung, Fabian and Hutzenthaler, Martin and Jentzen, Arnulf and Kruse, Thomas},
  journal={arXiv:1907.06729},
  year={2019}
}

@article{beck2019full,
  title={Full error analysis for the training of deep neural networks},
  author={Beck, Christan and Jentzen, Arnulf and Kuckuck, Benno},
  journal={arXiv:1910.00121},
  year={2019}
}

@article{becker2019solving,
  title={Solving high-dimensional optimal stopping problems using deep learning},
  author={Becker, Sebastian and Cheridito, Patrick and Jentzen, Arnulf and Welti, Timo},
  journal={arXiv:1908.01602},
  year={2019}
}

@article{becker2019deep,
  title={Deep optimal stopping},
  author={Becker, Sebastian and Cheridito, Patrick and Jentzen, Arnulf},
  journal={Journal of Machine Learning Research},
  volume={20},
  year={2019},
  publisher={MICROTOME PUBL}
}

@article{raissi2019physics,
  title={Physics-informed neural networks: A deep learning framework for solving forward and inverse problems involving nonlinear partial differential equations},
  author={Raissi, Maziar and Perdikaris, Paris and Karniadakis, George E},
  journal={Journal of Computational Physics},
  volume={378},
  pages={686--707},
  year={2019},
  publisher={Elsevier}
}


@article{carmona2022convergence2,
  title={Convergence analysis of machine learning algorithms for the numerical solution of mean field control and games: II—the finite horizon case},
  author={Carmona, Ren{\'e} and Lauri{\`e}re, Mathieu},
  journal={The Annals of Applied Probability},
  volume={32},
  number={6},
  pages={4065--4105},
  year={2022},
  publisher={Institute of Mathematical Statistics}
}


@article{carmona2021convergence1,
  title={Convergence analysis of machine learning algorithms for the numerical solution of mean field control and games I: The ergodic case},
  author={Carmona, Ren{\'e} and Lauri{\`e}re, Mathieu},
  journal={SIAM Journal on Numerical Analysis},
  volume={59},
  number={3},
  pages={1455--1485},
  year={2021},
  publisher={SIAM}
}

@inproceedings{han2020deep,
  title={Deep fictitious play for finding Markovian Nash equilibrium in multi-agent games},
  author={Han, Jiequn and Hu, Ruimeng},
  booktitle={Mathematical and scientific machine learning},
  pages={221--245},
  year={2020},
  organization={PMLR}
}

@article{weinan2021algorithms,
  title={Algorithms for solving high dimensional PDEs: from nonlinear Monte Carlo to machine learning},
  author={E, Weinan and Han, Jiequn and Jentzen, Arnulf},
  journal={Nonlinearity},
  volume={35},
  number={1},
  pages={278},
  year={2021},
  publisher={IOP Publishing}
}

@article{zhou2021actor,
  title={Actor-critic method for high dimensional static {H}amilton--{J}acobi--{B}ellman partial differential equations based on neural networks},
  author={Zhou, Mo and Han, Jiequn and Lu, Jianfeng},
  journal={SIAM Journal on Scientific Computing},
  volume={43},
  number={6},
  pages={A4043--A4066},
  year={2021},
  publisher={SIAM}
}

@inproceedings{dieng2017variational,
  title={Variational Inference via $\chi $ Upper Bound Minimization},
  author={Dieng, Adji Bousso and Tran, Dustin and Ranganath, Rajesh and Paisley, John and Blei, David},
  booktitle={Advances in Neural Information Processing Systems},
  pages={2732--2741},
  year={2017}
}

@article{deniz2019convergence,
  title={Convergence rates for optimised adaptive importance samplers},
  author={Akyildiz, {\"O}mer Deniz and M{\'\i}guez, Joaqu{\'\i}n},
  journal={arXiv:1903.12044},
  year={2019}
}

@article{bugallo2017adaptive,
  title={Adaptive importance sampling: the past, the present, and the future},
  author={Bugallo, Monica F and Elvira, Victor and Martino, Luca and Luengo, David and Miguez, Joaquin and Djuric, Petar M},
  journal={IEEE Signal Processing Magazine},
  volume={34},
  number={4},
  pages={60--79},
  year={2017},
  publisher={IEEE}
}

@inproceedings{kappen2007introduction,
  title={An introduction to stochastic control theory, path integrals and reinforcement learning},
  author={Kappen, Hilbert J},
  booktitle={AIP conference proceedings},
  volume={887},
  number={1},
  pages={149--181},
  year={2007},
  organization={American Institute of Physics}
}

@article{thijssen2015path,
  title={Path integral control and state-dependent feedback},
  author={Thijssen, Sep and Kappen, HJ},
  journal={Physical Review E},
  volume={91},
  number={3},
  pages={032104},
  year={2015},
  publisher={APS}
}

@article{ruiz2017particle,
  title={Particle smoothing for hidden diffusion processes: Adaptive path integral smoother},
  author={Ruiz, Hans-Christian and Kappen, Hilbert J},
  journal={IEEE Transactions on Signal Processing},
  volume={65},
  number={12},
  pages={3191--3203},
  year={2017},
  publisher={IEEE}
}

@inproceedings{gomez2014policy,
  title={Policy search for path integral control},
  author={G{\'o}mez, Vicen{\c{c}} and Kappen, Hilbert J and Peters, Jan and Neumann, Gerhard},
  booktitle={Joint European Conference on Machine Learning and Knowledge Discovery in Databases},
  pages={482--497},
  year={2014},
  organization={Springer}
}

@article{cho2005variance,
  title={The variance of sample variance from a finite population},
  author={Cho, Eungchun and Cho, Moon Jung and Eltinge, John},
  journal={International Journal of Pure and Applied Mathematics},
  volume={21},
  number={3},
  pages={389},
  year={2005},
  publisher={Academic Publications}
}

@inproceedings{chetrite2015nonequilibrium,
  title={Nonequilibrium {M}arkov processes conditioned on large deviations},
  author={Chetrite, Rapha{\"e}l and Touchette, Hugo},
  booktitle={Annales Henri Poincar{\'e}},
  volume={16},
  number={9},
  pages={2005--2057},
  year={2015},
  organization={Springer}
}

@article{ferre2018adaptive,
  title={Adaptive sampling of large deviations},
  author={Ferr{\'e}, Gr{\'e}goire and Touchette, Hugo},
  journal={Journal of Statistical Physics},
  volume={172},
  number={6},
  pages={1525--1544},
  year={2018},
  publisher={Springer}
}

@book{loeve1963probability,
  title={Probability theory},
  author={Loeve, Michel},
  volume={1963},
  year={1963},
  publisher={Springer}
}

@book{goodfellow2016deep,
  title={Deep learning},
  author={Goodfellow, Ian and Bengio, Yoshua and Courville, Aaron},
  year={2016},
  publisher={MIT press}
}

@article{doob1957conditional,
  title={Conditional {B}rownian motion and the boundary limits of harmonic functions},
  author={Doob, Joseph L},
  journal={Bulletin de la Soci{\'e}t{\'e} Math{\'e}matique de France},
  volume={85},
  pages={431--458},
  year={1957}
}

@book{doob2012classical,
  title={Classical potential theory and its probabilistic counterpart: Advanced problems},
  author={Doob, Joseph L},
  volume={262},
  year={2012},
  publisher={Springer Science \& Business Media}
}

@book{robert2013monte,
  title={{M}onte {C}arlo statistical methods},
  author={Robert, Christian and Casella, George},
  year={2013},
  publisher={Springer Science \& Business Media}
}

@book{stoltz2010free,
  title={Free energy computations: A mathematical perspective},
  author={Stoltz, Gabriel and Rousset, Mathias and others},
  year={2010},
  publisher={World Scientific}
}

@article{lie2016convexity,
  title={Convexity of a stochastic control functional related to importance sampling of {I}t{\^o} diffusions},
  author={Lie, Han Cheng},
  journal={arXiv:1603.05900},
  year={2016}
}

@incollection{del2000branching,
  title={Branching and interacting particle systems approximations of {F}eynman-{K}ac formulae with applications to non-linear filtering},
  author={Del Moral, Pierre and Miclo, Laurent},
  booktitle={Seminaire de probabilites XXXIV},
  pages={1--145},
  year={2000},
  publisher={Springer}
}

@article{hutzenthaler2016multilevel,
  title={Multilevel Picard iterations for solving smooth semilinear parabolic heat equations},
  author={Hutzenthaler, Martin and Jentzen, Arnulf and Kruse, Thomas and others},
  journal={arXiv preprint arXiv:1607.03295},
  year={2016}
}

@article{hutzenthaler2020multilevel,
  title={Multilevel Picard Approximations of High-Dimensional Semilinear Parabolic Differential Equations with Gradient-Dependent Nonlinearities},
  author={Hutzenthaler, Martin and Kruse, Thomas},
  journal={SIAM Journal on Numerical Analysis},
  volume={58},
  number={2},
  pages={929--961},
  year={2020},
  publisher={SIAM}
}

@article{hutzenthaler2019financial,
  title={Overcoming the curse of dimensionality in the approximative pricing of financial derivatives with default risks},
  author={Hutzenthaler, Martin and Jentzen, Arnulf and von Wurstemberger, Philippe},
  journal={arXiv preprint arXiv:1903.05985},
  year={2019}
}

@book{oksendal2013stochastic,
  title={Stochastic differential equations: an introduction with applications},
  author={Oksendal, Bernt},
  year={2013},
  publisher={Springer Science \& Business Media}
}

@incollection{zhang2017backward,
  title={Backward stochastic differential equations},
  author={Zhang, Jianfeng},
  booktitle={Backward Stochastic Differential Equations},
  pages={79--99},
  year={2017},
  publisher={Springer}
}

@article{richter2020vargrad,
  title={Var{G}rad: A Low-Variance Gradient Estimator for Variational Inference},
  author={Richter, Lorenz and Boustati, Ayman and N{\"u}sken, Nikolas and Ruiz, Francisco and Akyildiz, Omer Deniz},
  journal={Advances in Neural Information Processing Systems},
  volume={33},
  year={2020}
}

@article{fleming1969controlled,
  title={Controlled diffusions under polynomial growth conditions},
  author={Fleming, WH},
  journal={Control Theory and the Calculus of Variations},
  pages={209--234},
  year={1969},
  publisher={Academic Press New York}
}

@article{hartmann2021nonasymptotic,
  title={Nonasymptotic bounds for suboptimal importance sampling},
  author={Hartmann, Carsten and Richter, Lorenz},
  journal={arXiv preprint arXiv:2102.09606},
  year={2021}
}

@article{richter2021solving,
  title={Solving high-dimensional parabolic PDEs using the tensor train format},
  author={Richter, Lorenz and Sallandt, Leon and N{\"u}sken, Nikolas},
  journal={arXiv preprint arXiv:2102.11830},
  year={2021}
}

@book{pontryagin1962mathematical,
  title={The Mathematical Theory of Optimal Processes},
  author={Pontryagin, L.S.},
  year={1962},
  publisher={Interscience Publishers}
}

@inproceedings{chen2018neural,
 author = {Chen, Ricky T. Q. and Rubanova, Yulia and Bettencourt, Jesse and Duvenaud, David K},
 booktitle = {Advances in Neural Information Processing Systems},
 publisher = {Curran Associates, Inc.},
 title = {Neural Ordinary Differential Equations},
 volume = {31},
 year = {2018}
}

@inproceedings{zhang2022path,
title={Path Integral Sampler: A Stochastic Control Approach For Sampling},
author={Qinsheng Zhang and Yongxin Chen},
booktitle={International Conference on Learning Representations},
year={2022},
}

@inproceedings{
holdijk2023stochastic,
title={Stochastic Optimal Control for Collective Variable Free Sampling of Molecular Transition Paths},
author={Lars Holdijk and Yuanqi Du and Ferry Hooft and Priyank Jaini and Bernd Ensing and Max Welling},
booktitle={Thirty-seventh Conference on Neural Information Processing Systems},
year={2023},
}

@article{fleming2004stochastic,
title = {Stochastic optimal control, international finance and debt},
journal = {Journal of Banking \& Finance},
volume = {28},
number = {5},
pages = {979-996},
year = {2004},
author = {Wendell H Fleming and Jerome L Stein},
}

@INPROCEEDINGS{belloni2004power,
  author={Belloni, Andrea and Piroddi, Luigi and Prandini, Maria},
  booktitle={2016 American Control Conference (ACC)}, 
  title={A stochastic optimal control solution to the energy management of a microgrid with storage and renewables}, 
  year={2016},
  volume={},
  number={},
  pages={2340-2345},
}

@ARTICLE{powell2016tutorial,
  author={Powell, Warren B. and Meisel, Stephan},
  journal={IEEE Transactions on Power Systems}, 
  title={Tutorial on Stochastic Optimization in Energy—Part I: Modeling and Policies}, 
  year={2016},
  volume={31},
  number={2},
  pages={1459-1467},
}

@article{theodorou2011aniterative,
title = {An Iterative Path Integral Stochastic Optimal Control Approach for Learning Robotic Tasks},
journal = {IFAC Proceedings Volumes},
volume = {44},
number = {1},
pages = {11594-11601},
year = {2011},
note = {18th IFAC World Congress},
author = {Evangelos Theodorou and Freek Stulp and Jonas Buchli and Stefan Schaal},
}

@article{gorodetsky2018high,
title = {High-dimensional stochastic optimal control using continuous tensor decompositions},
author = {Gorodetsky, Alex and Karaman, Sertac and Marzouk, Youssef},
journal = {International Journal of Robotics Research},
number = {2-3},
volume = {37},
year = {2018},
month = {3}
}

@InProceedings{rezende2015variational,
  title = 	 {Variational Inference with Normalizing Flows},
  author = 	 {Rezende, Danilo and Mohamed, Shakir},
  booktitle = 	 {Proceedings of the 32nd International Conference on Machine Learning},
  year = 	 {2015},
}

@article{chen2016training,
  title={Training deep nets with sublinear memory cost},
  author={Chen, Tianqi and Xu, Bing and Zhang, Chiyuan and Guestrin, Carlos},
  journal={arXiv preprint arXiv:1604.06174},
  year={2016}
}

@article{chung2022diffusion,
  title={Diffusion posterior sampling for general noisy inverse problems},
  author={Chung, Hyungjin and Kim, Jeongsol and Mccann, Michael T and Klasky, Marc L and Ye, Jong Chul},
  journal={arXiv preprint arXiv:2209.14687},
  year={2022}
}

@inproceedings{long2015fully,
  title={Fully convolutional networks for semantic segmentation},
  author={Long, Jonathan and Shelhamer, Evan and Darrell, Trevor},
  booktitle={Proceedings of the IEEE conference on computer vision and pattern recognition},
  pages={3431--3440},
  year={2015}
}

@article{paszke2019pytorch,
  title={Pytorch: An imperative style, high-performance deep learning library},
  author={Paszke, Adam and Gross, Sam and Massa, Francisco and Lerer, Adam and Bradbury, James and Chanan, Gregory and Killeen, Trevor and Lin, Zeming and Gimelshein, Natalia and Antiga, Luca and others},
  journal={Advances in neural information processing systems},
  volume={32},
  year={2019}
}

@article{wu2023human,
  title={Human Preference Score v2: A Solid Benchmark for Evaluating Human Preferences of Text-to-Image Synthesis},
  author={Wu, Xiaoshi and Hao, Yiming and Sun, Keqiang and Chen, Yixiong and Zhu, Feng and Zhao, Rui and Li, Hongsheng},
  journal={arXiv preprint arXiv:2306.09341},
  year={2023}
}

@article{zheng2023guided,
  title={Guided flows for generative modeling and decision making},
  author={Zheng, Qinqing and Le, Matt and Shaul, Neta and Lipman, Yaron and Grover, Aditya and Chen, Ricky T. Q.},
  journal={arXiv preprint arXiv:2311.13443},
  year={2023}
}

@article{ho2022classifier,
  title={Classifier-free diffusion guidance},
  author={Ho, Jonathan and Salimans, Tim},
  journal={arXiv preprint arXiv:2207.12598},
  year={2022}
}

@article{fu2023learning,
title={DreamSim: Learning New Dimensions of Human Visual Similarity using Synthetic Data},
author={Stephanie Fu and Netanel Tamir and Shobhita Sundaram and Lucy Chai and Richard Zhang and Tali Dekel and Phillip Isola},
journal={arXiv preprint arXiv:2306.09344},
year={2023}
}

@article{astolfi2024consistency,
  title={Consistency-diversity-realism Pareto fronts of conditional image generative models},
  author={Astolfi, Pietro and Careil, Marlene and Hall, Melissa and Ma{\~n}as, Oscar and Muckley, Matthew and Verbeek, Jakob and Soriano, Adriana Romero and Drozdzal, Michal},
  journal={arXiv preprint arXiv:2406.10429},
  year={2024}
}

@inproceedings{song2023pseudoinverse,
  title={Pseudoinverse-guided diffusion models for inverse problems},
  author={Song, Jiaming and Vahdat, Arash and Mardani, Morteza and Kautz, Jan},
  booktitle={International Conference on Learning Representations},
  year={2023}
}

@inproceedings{pooladian2023multisample,
  author = {Pooladian, Aram-Alexandre and Ben-Hamu, Heli and Domingo-Enrich, Carles and Amos, Brandon and Lipman, Yaron and Chen, Ricky T. Q.},
  title = {Multisample Flow Matching with Optimal Transport Couplings},
  year = {2023},
  booktitle={International Conference on Machine Learning},
}

@inproceedings{ronneberger2015u,
  title={U-net: Convolutional networks for biomedical image segmentation},
  author={Ronneberger, Olaf and Fischer, Philipp and Brox, Thomas},
  booktitle={Medical Image Computing and Computer-Assisted Intervention--MICCAI 2015: 18th International Conference, Munich, Germany, October 5-9, 2015, Proceedings, Part III 18},
  pages={234--241},
  year={2015},
  organization={Springer}
}

@inproceedings{li2020scalable,
  title={Scalable gradients for stochastic differential equations},
  author={Li, Xuechen and Wong, Ting-Kam Leonard and Chen, Ricky T. Q. and Duvenaud, David},
  booktitle={International Conference on Artificial Intelligence and Statistics},
  pages={3870--3882},
  year={2020},
  organization={PMLR}
}

@inproceedings{munos2020safe,
 author = {Munos, Remi and Stepleton, Tom and Harutyunyan, Anna and Bellemare, Marc},
 booktitle = {Advances in Neural Information Processing Systems},
 publisher = {Curran Associates, Inc.},
 title = {Safe and Efficient Off-Policy Reinforcement Learning},
 volume = {29},
 year = {2016}
}


@article{borrell2022improving,
  title={Improving control based importance sampling strategies for metastable diffusions via adapted metadynamics},
  author={Borrell, Enric Ribera and Quer, Jannes and Richter, Lorenz and Sch{\"u}tte, Christof},
  journal={arXiv preprint arXiv:2206.06628},
  year={2022}
}

@inproceedings{sipka2023differentiable,
  title={Differentiable simulations for enhanced sampling of rare events},
  author={Sipka, Martin and Dietschreit, Johannes CB and Grajciar, Luk{\'a}{\v{s}} and G{\'o}mez-Bombarelli, Rafael},
  booktitle={International Conference on Machine Learning},
  pages={31990--32007},
  year={2023},
  organization={PMLR}
}

@inproceedings{kidger2021neural,
  title={Neural SDEs as Infinite-Dimensional GANs},
  author={Patrick Kidger and James Foster and Xuechen Li and Harald Oberhauser and Terry Lyons},
  booktitle={International Conference on Machine Learning},
  year={2021},
}

@article{yang1991amonte,
author = {Yang, Jichuan and Kushner, Harold J.},
title = {A Monte Carlo Method for Sensitivity Analysis and Parametric Optimization of Nonlinear Stochastic Systems},
journal = {SIAM Journal on Control and Optimization},
volume = {29},
number = {5},
pages = {1216-1249},
year = {1991},
}

@article{lecuyer1994onthe,
 author = {Pierre L'Ecuyer and Gaétan Perron},
 journal = {Operations Research},
 number = {4},
 pages = {643--656},
 publisher = {INFORMS},
 title = {On the Convergence Rates of IPA and FDC Derivative Estimators},
 volume = {42},
 year = {1994}
}

@article{glasserman1992some, 
author = {Glasserman, Paul and Yao, David D.}, 
title = {Some Guidelines and Guarantees for Common Random Numbers}, 
year = {1992}, 
issue_date = {June 1992}, 
publisher = {INFORMS}, 
volume = {38}, 
number = {6}, 
journal = {Manage. Sci.}, 
month = {jun}, 
pages = {884–908}, 
numpages = {25}, 
}

@inproceedings{glynn1986stochastic, 
author = {Glynn, Peter W.}, 
title = {Stochastic approximation for Monte Carlo optimization},
year = {1986}, 
publisher = {Association for Computing Machinery}, 
booktitle = {Proceedings of the 18th Conference on Winter Simulation}, 
pages = {356–365}, 
numpages = {10}, 
}

@article{reiman1989sensitivity,
  title={Sensitivity Analysis for Simulations via Likelihood Ratios},
  author={Martin I. Reiman and Alan Weiss},
  journal={Oper. Res.},
  year={1989},
  volume={37},
  pages={830-844},
}

@article{berner2023optimal,
      title={An optimal control perspective on diffusion-based generative modeling}, 
      author={Julius Berner and Lorenz Richter and Karen Ullrich},
      year={2023},
      journal={arXiv preprint arXiv:2211.01364},
}

@article{pooladian2024neural,
  title={Neural optimal transport with lagrangian costs},
  author={Pooladian, Aram-Alexandre and Domingo-Enrich, Carles and Chen, Ricky T. Q. and Amos, Brandon},
  journal={arXiv preprint arXiv:2406.00288},
  year={2024}
}

@article{domingoenrich2023stochastic,
      title={Stochastic Optimal Control Matching}, 
      author={Carles Domingo-Enrich and Jiequn Han and Brandon Amos and Joan Bruna and Ricky T. Q. Chen},
      year={2023},
      eprint={2312.02027},
      archivePrefix={arXiv},
      primaryClass={math.OC},
      journal={arXiv preprint arXiv:2312.02027},
}

@article{schulman2018highdimensional,
      title={High-Dimensional Continuous Control Using Generalized Advantage Estimation}, 
      author={John Schulman and Philipp Moritz and Sergey Levine and Michael Jordan and Pieter Abbeel},
      year={2018},
      journal={arXiv preprint arXiv:1506.02438},
}

@article{song2022denoising,
      title={Denoising Diffusion Implicit Models}, 
      author={Jiaming Song and Chenlin Meng and Stefano Ermon},
      year={2022},
      journal={arXiv preprint arXiv:2010.02502},
}

@inproceedings{
song2021denoising,
title={Denoising Diffusion Implicit Models},
author={Jiaming Song and Chenlin Meng and Stefano Ermon},
booktitle={International Conference on Learning Representations},
year={2021},
}

@inproceedings{roeder2017sticking,
 author = {Roeder, Geoffrey and Wu, Yuhuai and Duvenaud, David K},
 booktitle = {Advances in Neural Information Processing Systems},
 pages = {},
 publisher = {Curran Associates, Inc.},
 title = {Sticking the Landing: Simple, Lower-Variance Gradient Estimators for Variational Inference},
 volume = {30},
 year = {2017}
}

@article{onken2020discretize,
  title={Discretize-Optimize vs. Optimize-Discretize for Time-Series Regression and Continuous Normalizing Flows}, 
  author={Derek Onken and Lars Ruthotto},
  year={2020},
  journal={arXiv preprint arXiv:2005.13420},
}

@inproceedings{
kingma2021ondensity,
title={On Density Estimation with Diffusion Models},
author={Diederik P Kingma and Tim Salimans and Ben Poole and Jonathan Ho},
booktitle={Advances in Neural Information Processing Systems},
editor={A. Beygelzimer and Y. Dauphin and P. Liang and J. Wortman Vaughan},
year={2021},
}

@inproceedings{
ho2021classifierfree,
title={Classifier-Free Diffusion Guidance},
author={Jonathan Ho and Tim Salimans},
booktitle={NeurIPS 2021 Workshop on Deep Generative Models and Downstream Applications},
year={2021},
}

@misc{schuhmann2022laion,
    title={LAION-aesthetics},
    author={Christoph Schuhmann and Romain Beaumont},
    booktitle={laion.ai}, 
    year={2022},
}

@article{ziegler2020finetuning,
      title={Fine-Tuning Language Models from Human Preferences}, 
      author={Daniel M. Ziegler and Nisan Stiennon and Jeffrey Wu and Tom B. Brown and Alec Radford and Dario Amodei and Paul Christiano and Geoffrey Irving},
      year={2020},
      journal={arXiv preprint arXiv:1909.08593},
}

@article{mordvintsev2015inceptionism,
  title={Inceptionism: Going deeper into neural networks},
  author={Mordvintsev, Alexander and Olah, Christopher and Tyka, Mike},
  journal={Google research blog},
  volume={20},
  number={14},
  pages={5},
  year={2015}
}

@article{goodfellow2014explaining,
  title={Explaining and harnessing adversarial examples},
  author={Goodfellow, Ian J and Shlens, Jonathon and Szegedy, Christian},
  journal={arXiv preprint arXiv:1412.6572},
  year={2014}
}

@article{amos2023tutorial,
  title={Tutorial on amortized optimization},
  author={Amos, Brandon and others},
  journal={Foundations and Trends{\textregistered} in Machine Learning},
  volume={16},
  number={5},
  pages={592--732},
  year={2023},
  publisher={Now Publishers, Inc.}
}

@article{rout2024rb,
  title={RB-Modulation: Training-Free Personalization of Diffusion Models using Stochastic Optimal Control},
  author={Rout, Litu and Chen, Yujia and Ruiz, Nataniel and Kumar, Abhishek and Caramanis, Constantine and Shakkottai, Sanjay and Chu, Wen-Sheng},
  journal={arXiv preprint arXiv:2405.17401},
  year={2024}
}

@article{li2021differentiable,
  title={Differentiable Gaussianization layers for inverse problems regularized by deep generative models},
  author={Li, Dongzhuo},
  journal={arXiv preprint arXiv:2112.03860},
  year={2021}
}

@article{vincent2011connection,
  title={A connection between score matching and denoising autoencoders},
  author={Vincent, Pascal},
  journal={Neural computation},
  volume={23},
  number={7},
  pages={1661--1674},
  year={2011},
  publisher={MIT Press}
}

@article{huang2024symbolic,
  title={Symbolic music generation with non-differentiable rule guided diffusion},
  author={Huang, Yujia and Ghatare, Adishree and Liu, Yuanzhe and Hu, Ziniu and Zhang, Qinsheng and Sastry, Chandramouli S and Gururani, Siddharth and Oore, Sageev and Yue, Yisong},
  journal={arXiv preprint arXiv:2402.14285},
  year={2024}
}

@article{pokle2023training,
  title={Training-free linear image inversion via flows},
  author={Pokle, Ashwini and Muckley, Matthew J and Chen, Ricky T. Q. and Karrer, Brian},
  journal={arXiv preprint arXiv:2310.04432},
  year={2023}
}

@article{hessel2021clipscore,
  title={Clipscore: A reference-free evaluation metric for image captioning},
  author={Hessel, Jack and Holtzman, Ari and Forbes, Maxwell and Bras, Ronan Le and Choi, Yejin},
  journal={arXiv preprint arXiv:2104.08718},
  year={2021}
}

@inproceedings{stiennon2020learning,
 author = {Stiennon, Nisan and Ouyang, Long and Wu, Jeffrey and Ziegler, Daniel and Lowe, Ryan and Voss, Chelsea and Radford, Alec and Amodei, Dario and Christiano, Paul F},
 booktitle = {Advances in Neural Information Processing Systems},
 pages = {3008--3021},
 publisher = {Curran Associates, Inc.},
 title = {Learning to summarize with human feedback},
 volume = {33},
 year = {2020}
}

@inproceedings{ouyang2022training,
 author = {Ouyang, Long and Wu, Jeffrey and Jiang, Xu and Almeida, Diogo and Wainwright, Carroll and Mishkin, Pamela and Zhang, Chong and Agarwal, Sandhini and Slama, Katarina and Ray, Alex and Schulman, John and Hilton, Jacob and Kelton, Fraser and Miller, Luke and Simens, Maddie and Askell, Amanda and Welinder, Peter and Christiano, Paul F and Leike, Jan and Lowe, Ryan},
 booktitle = {Advances in Neural Information Processing Systems},
 pages = {27730--27744},
 publisher = {Curran Associates, Inc.},
 title = {Training language models to follow instructions with human feedback},
 volume = {35},
 year = {2022}
}

@article{bai2022training,
      title={Training a Helpful and Harmless Assistant with Reinforcement Learning from Human Feedback}, 
      author={Yuntao Bai and Andy Jones and Kamal Ndousse and Amanda Askell and Anna Chen and Nova DasSarma and Dawn Drain and Stanislav Fort and Deep Ganguli and Tom Henighan and Nicholas Joseph and Saurav Kadavath and Jackson Kernion and Tom Conerly and Sheer El-Showk and Nelson Elhage and Zac Hatfield-Dodds and Danny Hernandez and Tristan Hume and Scott Johnston and Shauna Kravec and Liane Lovitt and Neel Nanda and Catherine Olsson and Dario Amodei and Tom Brown and Jack Clark and Sam McCandlish and Chris Olah and Ben Mann and Jared Kaplan},
      year={2022},
      journal={arXiv preprint arXiv:2204.05862},
}

@inproceedings{
    rafailov2023direct,
    title={Direct Preference Optimization: Your Language Model is Secretly a Reward Model},
    author={Rafael Rafailov and Archit Sharma and Eric Mitchell and Christopher D Manning and Stefano Ermon and Chelsea Finn},
    booktitle={Thirty-seventh Conference on Neural Information Processing Systems},
    year={2023},
}

@article{schulman2017proximal,
      title={Proximal Policy Optimization Algorithms}, 
      author={John Schulman and Filip Wolski and Prafulla Dhariwal and Alec Radford and Oleg Klimov},
      year={2017},
      journal={arXiv preprint arXiv:1707.06347},
}

@inproceedings{fan2023optimizing,
  title={Optimizing DDPM Sampling with Shortcut Fine-Tuning},
  author={Ying Fan and Kangwook Lee},
  booktitle={International Conference on Machine Learning},
  year={2023},
}

@inproceedings{
black2024training,
title={Training Diffusion Models with Reinforcement Learning},
author={Kevin Black and Michael Janner and Yilun Du and Ilya Kostrikov and Sergey Levine},
booktitle={The Twelfth International Conference on Learning Representations},
year={2024},
}

@article{fan2023dpok,
      title={DPOK: Reinforcement Learning for Fine-tuning Text-to-Image Diffusion Models}, 
      author={Ying Fan and Olivia Watkins and Yuqing Du and Hao Liu and Moonkyung Ryu and Craig Boutilier and Pieter Abbeel and Mohammad Ghavamzadeh and Kangwook Lee and Kimin Lee},
      year={2023},
      journal={arXiv preprint arXiv:2305.16381},
}

@inproceedings{
xu2023imagereward,
title={ImageReward: Learning and Evaluating Human Preferences for Text-to-Image Generation},
author={Jiazheng Xu and Xiao Liu and Yuchen Wu and Yuxuan Tong and Qinkai Li and Ming Ding and Jie Tang and Yuxiao Dong},
booktitle={Thirty-seventh Conference on Neural Information Processing Systems},
year={2023},
}

@inproceedings{
clark2024directly,
title={Directly Fine-Tuning Diffusion Models on Differentiable Rewards},
author={Kevin Clark and Paul Vicol and Kevin Swersky and David J. Fleet},
booktitle={The Twelfth International Conference on Learning Representations},
year={2024},
}

@article{wallace2023diffusion,
      title={Diffusion Model Alignment Using Direct Preference Optimization}, 
      author={Bram Wallace and Meihua Dang and Rafael Rafailov and Linqi Zhou and Aaron Lou and Senthil Purushwalkam and Stefano Ermon and Caiming Xiong and Shafiq Joty and Nikhil Naik},
      year={2023},
      journal={arXiv preprint arXiv:2311.12908},
}

@inproceedings{
kirstain2023pickapic,
title={Pick-a-Pic: An Open Dataset of User Preferences for Text-to-Image Generation},
author={Yuval Kirstain and Adam Polyak and Uriel Singer and Shahbuland Matiana and Joe Penna and Omer Levy},
booktitle={Thirty-seventh Conference on Neural Information Processing Systems},
year={2023},
}

@article{wu2023humanpreferencescorev2,
      title={Human Preference Score v2: A Solid Benchmark for Evaluating Human Preferences of Text-to-Image Synthesis}, 
      author={Xiaoshi Wu and Yiming Hao and Keqiang Sun and Yixiong Chen and Feng Zhu and Rui Zhao and Hongsheng Li},
      year={2023},
      journal={arXiv preprint arXiv:2306.09341},
}

@inproceedings{debortoli2021diffusion,
 author = {De Bortoli, Valentin and Thornton, James and Heng, Jeremy and Doucet, Arnaud},
 booktitle = {Advances in Neural Information Processing Systems},
 pages = {17695--17709},
 publisher = {Curran Associates, Inc.},
 title = {Diffusion Schr\"{o}dinger Bridge with Applications to Score-Based Generative Modeling},
 volume = {34},
 year = {2021}
}

@article{tang2024finetuning,
      title={Fine-tuning of diffusion models via stochastic control: entropy regularization and beyond}, 
      author={Wenpin Tang},
      year={2024},
      journal={arXiv preprint arXiv:2403.06279},
}

@article{uehara2024finetuning,
      title={Fine-Tuning of Continuous-Time Diffusion Models as Entropy-Regularized Control}, 
      author={Masatoshi Uehara and Yulai Zhao and Kevin Black and Ehsan Hajiramezanali and Gabriele Scalia and Nathaniel Lee Diamant and Alex M Tseng and Tommaso Biancalani and Sergey Levine},
      year={2024},
      journal={arXiv preprint arXiv:2402.15194},
}

@article{wallace2023endtoend,
      title={End-to-End Diffusion Latent Optimization Improves Classifier Guidance}, 
      author={Bram Wallace and Akash Gokul and Stefano Ermon and Nikhil Naik},
      year={2023},
      journal={arXiv preprint arXiv:2303.13703},
}

@article{benhamu2024dflow,
      title={D-Flow: Differentiating through Flows for Controlled Generation}, 
      author={Heli Ben-Hamu and Omri Puny and Itai Gat and Brian Karrer and Uriel Singer and Yaron Lipman},
      year={2024},
      journal={arXiv preprint arXiv:2402.14017},
}

@article{uehara2024understanding,
      title={Understanding Reinforcement Learning-Based Fine-Tuning of Diffusion Models: A Tutorial and Review}, 
      author={Masatoshi Uehara and Yulai Zhao and Tommaso Biancalani and Sergey Levine},
      year={2024},
      journal={arXiv preprint arXiv:2407.13734},
}

@inproceedings{ziebart2008maximum,
  title={Maximum entropy inverse reinforcement learning.},
  author={Ziebart, Brian D and Maas, Andrew L and Bagnell, J Andrew and Dey, Anind K and others},
  booktitle={Aaai},
  volume={8},
  pages={1433--1438},
  year={2008},
  organization={Chicago, IL, USA}
}

@book{fleming2012deterministic,
  title={Deterministic and Stochastic Optimal Control},
  author={Fleming, W.H. and Rishel, R.W.},
  series={Stochastic Modelling and Applied Probability},
  year={2012},
  publisher={Springer New York}
}

@book{sethi2018optimal,
  title={Optimal Control Theory: Applications to Management Science and Economics},
  author={Sethi, S.P.},
  year={2018},
  publisher={Springer International Publishing}
}

@software{ilharco2021openclip,
  author       = {Ilharco, Gabriel and
                  Wortsman, Mitchell and
                  Wightman, Ross and
                  Gordon, Cade and
                  Carlini, Nicholas and
                  Taori, Rohan and
                  Dave, Achal and
                  Shankar, Vaishaal and
                  Namkoong, Hongseok and
                  Miller, John and
                  Hajishirzi, Hannaneh and
                  Farhadi, Ali and
                  Schmidt, Ludwig},
  title        = {OpenCLIP},
  month        = jul,
  year         = 2021,
  publisher    = {Zenodo},
  version      = {0.1},
}

@article{zhang2024improving,
      title={Improving GFlowNets for Text-to-Image Diffusion Alignment}, 
      author={Dinghuai Zhang and Yizhe Zhang and Jiatao Gu and Ruixiang Zhang and Josh Susskind and Navdeep Jaitly and Shuangfei Zhai},
      year={2024},
      journal={arXiv preprint arXiv:2406.00633},
}

@article{bruna2024posterior,
      title={Posterior Sampling with Denoising Oracles via Tilted Transport}, 
      author={Joan Bruna and Jiequn Han},
      year={2024},
      journal={arXiv preprint arXiv:2407.00745},
}

@article{han2016deep,
      title={Deep Learning Approximation for Stochastic Control Problems}, 
      author={Jiequn Han and Weinan E},
      year={2016},
      journal={arXiv preprint arXiv:1611.07422},
}

@article{bartosh2024neural,
      title={Neural Diffusion Models}, 
      author={Grigory Bartosh and Dmitry Vetrov and Christian A. Naesseth},
      year={2024},
      journal={arXiv preprint arXiv:2310.08337},
}

@article{bartosh2024neural2,
      title={Neural Flow Diffusion Models: Learnable Forward Process for Improved Diffusion Modelling}, 
      author={Grigory Bartosh and Dmitry Vetrov and Christian A. Naesseth},
      year={2024},
      journal={arXiv preprint arXiv:2404.12940},
}

@inproceedings{wu2023practical,
 author = {Wu, Luhuan and Trippe, Brian and Naesseth, Christian and Blei, David and Cunningham, John P},
 booktitle = {Advances in Neural Information Processing Systems},
 pages = {31372--31403},
 publisher = {Curran Associates, Inc.},
 title = {Practical and Asymptotically Exact Conditional Sampling in Diffusion Models},
 volume = {36},
 year = {2023}
}

@inproceedings{
    vargas2023denoising,
    title={Denoising Diffusion Samplers},
    author={Francisco Vargas and Will Sussman Grathwohl and Arnaud Doucet},
    booktitle={The Eleventh International Conference on Learning Representations },
    year={2023},
}

@inproceedings{vargas2022bayesian,
title={Bayesian Learning via Neural Schr\"odinger-F\"ollmer Flows},
author={Francisco Vargas and Andrius Ovsianas and David Lopes Fernandes and Mark Girolami and Neil D Lawrence and Nikolas N{\"u}sken},
booktitle={Fourth Symposium on Advances in Approximate Bayesian Inference},
year={2022},
}

@article{denker2024deft,
      title={DEFT: Efficient Finetuning of Conditional Diffusion Models by Learning the Generalised $h$-transform}, 
      author={Alexander Denker and Francisco Vargas and Shreyas Padhy and Kieran Didi and Simon Mathis and Vincent Dutordoir and Riccardo Barbano and Emile Mathieu and Urszula Julia Komorowska and Pietro Lio},
      year={2024},
      journal={arXiv preprint arXiv:2406.01781},
}

@inproceedings{
richter2024improved,
title={Improved sampling via learned diffusions},
author={Lorenz Richter and Julius Berner},
booktitle={The Twelfth International Conference on Learning Representations},
year={2024},
}

@article{domingoenrich2024taxonomy,
      title={A Taxonomy of Loss Functions for Stochastic Optimal Control}, 
      author={Carles Domingo-Enrich},
      year={2024},
      journal={arXiv preprint arXiv:2410.00345},
}

@article{malkin2023trajectory,
      title={Trajectory balance: Improved credit assignment in GFlowNets}, 
      author={Nikolay Malkin and Moksh Jain and Emmanuel Bengio and Chen Sun and Yoshua Bengio},
      year={2023},
      journal={arXiv preprint arXiv:2201.13259},
}

@article{du2024doobs,
      title={Doob's Lagrangian: A Sample-Efficient Variational Approach to Transition Path Sampling}, 
      author={Yuanqi Du and Michael Plainer and Rob Brekelmans and Chenru Duan and Frank Noé and Carla P. Gomes and Alan Apsuru-Guzik and Kirill Neklyudov},
      year={2024},
      journal={arXiv preprint arXiv:2410.07974},
}

@inproceedings{
liu2023generalized,
title={Generalized Schr\"odinger Bridge Matching},
author={Guan-Horng Liu and Yaron Lipman and Maximilian Nickel and Brian Karrer and Evangelos Theodorou and Ricky T. Q. Chen},
booktitle={The Twelfth International Conference on Learning Representations},
year={2024},
}