@article{STREET1978350,
	author = {Ross Street and Robert Walters},
	fdoi = {https://doi.org/10.1016/0021-8693(78)90160-6},
	issn = {0021-8693},
	journal = {Journal of Algebra},
	number = {2},
	pages = {350-379},
	title = {Yoneda structures on 2-categories},
	furl = {https://www.sciencedirect.com/science/article/pii/0021869378901606},
	volume = {50},
	year = {1978},
	bdsk-url-1 = {https://www.sciencedirect.com/science/article/pii/0021869378901606},
	bdsk-url-2 = {https://doi.org/10.1016/0021-8693(78)90160-6}}



@IEEEtranBSTCTL{IEEEexample:BSTcontrol,
  CTLdash_repeated_names = "no"
}

@book{kallenberg-2010,
  title = {Foundations of {{Modern Probability}}},
  author = {Kallenberg, Olav},
  year = {2010},
  series = {Probability and Its {{Applications}}},
  edition = {2nd},
  fedition = {2. ed},
  publisher = {{Springer New York}},
  location = {{New York, NY}},
  isbn = {978-1-4419-2949-5},
  langid = {english},
  pagetotal = {638},
}


@article{caramello-toposic-galois,
author = {Caramello, Olivia},
year = {2013},
optmonth = {01},
pages = {},
title = {Topological {G}alois Theory},
volume = {291},
journal = {Advances in Mathematics},
fdoi = {10.1016/j.aim.2015.11.050}
}

@book{markerModelTheoryIntroduction2002,
  title = {Model {{Theory}} : {{An Introduction}}},
  shorttitle = {Model {{Theory}}},
  author = {Marker, David},
  year = {2002},
  month = aug,
  publisher = {{Springer Science \& Business Media}},
  abstract = {Assumes only a familiarity with algebra at the beginning graduate level; Stresses applications to algebra; Illustrates several of the ways Model Theory can be a useful tool in analyzing classical mathematical structures},
  isbn = {978-0-387-98760-6},
  langid = {english},
  keywords = {Mathematics / General,Mathematics / History \& Philosophy,Mathematics / Logic}
}

@article{fritz,
	author = {Fritz, T.},
	title = {A synthetic approach to {M}arkov kernels, conditional independence and theorems on sufficient statistics},
	journal={Adv.~Math.},
	volume={370},
	year = {2020}
}

@article{radoUniversalGraphsUniversal1964,
  title = {Universal Graphs and Universal Functions},
  author = {Rado, R.},
  year = {1964},
  journal = {Acta Arithmetica},
  volume=9,
  issue=4,
  pages={331--340},
  ffdoi = {10.4064/AA-9-4-331-340},
  abstract = {Semantic Scholar extracted view of "Universal graphs and universal functions" by R. Rado},
}

@article{erdosRandomGraphs1959,
  title = {On Random Graphs {{I}}},
  author = {Erd\H{o}s, P. and R\'enyi, A.},
  year = {1959},
  journal = {Publicationes Mathematicae Debrecen},
  shortjournal = {Publ. Math. Debr.},
  volume = {6},
  pages = {290},
  added-at = {2010-05-05T00:38:27.000+0200},
  biburl = {https://www.bibsonomy.org/bibtex/25aab47a7be9ec47644735f8e0a4607b6/alex},
  interhash = {99061fc859ba540d4485abfbce44f298},
  intrahash = {5aab47a7be9ec47644735f8e0a4607b6},
  timestamp = {2010-05-05T00:38:27.000+0200},
}

@article{ackermannWiderspruchsfreiheitAllgemeinenMengenlehre1937,
  title = {Die Widerspruchsfreiheit der allgemeinen Mengenlehre},
  author = {Ackermann, Wilhelm},
  year = {1937},
  journal = {Mathematische Annalen},
  shortjournal = {Math. Ann.},
  volume = {114},
  number = {1},
  pages = {305--315},
  optissn = {0025-5831, 1432-1807},
  optdoi = {10.1007/BF01594179},
  opturl = {http://link.springer.com/10.1007/BF01594179},
  opturldate = {2022-04-08},
  langid = {german}
}



@article{lovasz-2006,
title = {Limits of dense graph sequences},
journal = {Journal of Combinatorial Theory, Series B},
volume = {96},
number = {6},
pages = {933-957},
year = {2006},
issn = {0095-8956},
fdoi = {https://doi.org/10.1016/j.jctb.2006.05.002},
opturl = {https://www.sciencedirect.com/science/article/pii/S0095895606000517},
author = {László Lovász and Balázs Szegedy},
keywords = {Graph homomorphism, Convergent graph sequence, Limit, Quasirandom graph},
abstract = {We show that if a sequence of dense graphs Gn has the property that for every fixed graph F, the density of copies of F in Gn tends to a limit, then there is a natural "limit object," namely a symmetric measurable function W:[0,1]2→[0,1]. This limit object determines all the limits of subgraph densities. Conversely, every such function arises as a limit object. We also characterize graph parameters that are obtained as limits of subgraph densities by the "reflection positivity" property. Along the way we introduce a rather general model of random graphs, which seems to be interesting on its own right.}
}


@inproceedings{moggi-computational-lambda,
author = {Moggi, E.},
title = {Computational Lambda-Calculus and Monads},
year = {1989},
isbn = {0818619546},
publisher = {IEEE Press},
booktitle = {Proceedings of the Fourth Annual Symposium on Logic in Computer Science},
pages = {14-23},
numpages = {10},
location = {Pacific Grove, California, USA}
}
@PhdThesis{dario-thesis,
  author = 	 {Dario Stein},
  title = 	 {Structural Foundations for Probabilistic Programming Languages},
  school = 	 {University of Oxford},
  year = 	 {2021},
  OPTkey = 	 {},
  OPTtype = 	 {},
  OPTaddress = 	 {},
  OPTmonth = 	 {},
  OPTnote = 	 {},
  OPTannote = 	 {}
}

@article{moggi:computation_and_monads,
    author = {Moggi, E.},
    title = {Notions of computation and monads},
    journal = {Information and Computation},
    year = {1991}
}    

@article{MR2140630,
    AUTHOR = {Kechris, A. S. and Pestov, V. G. and Todor\v{c}evi\'{c}, S.},
    sAUTHOR = {Kechris, A. S. and Pestov, V. G. and Todorcevic, S.},
     TITLE = {Fra\"{\i}ss\'{e} limits, {R}amsey theory, and topological dynamics of
              automorphism groups},
   JOURNAL = {Geom. Funct. Anal.},
  FJOURNAL = {Geometric and Functional Analysis},
    VOLUME = {15},
      YEAR = {2005},
    NUMBER = {1},
     PAGES = {106--189},
      ISSN = {1016-443X},
   MRCLASS = {37B05 (03C15 03E02 03E15 05D10 22F50 43A07 54H20)},
  MRNUMBER = {2140630},
MRREVIEWER = {Eli Glasner},
       fDOI = {10.1007/s00039-005-0503-1},
       fURL = {https://doi-org.libproxy.mit.edu/10.1007/s00039-005-0503-1},
}


@article{MR3274785,
    AUTHOR = {Angel, Omer and Kechris, Alexander S. and Lyons, Russell},
     TITLE = {Random orderings and unique ergodicity of automorphism groups},
   JOURNAL = {J. Eur. Math. Soc. (JEMS)},
  FJOURNAL = {Journal of the European Mathematical Society (JEMS)},
    VOLUME = {16},
      YEAR = {2014},
    NUMBER = {10},
     PAGES = {2059--2095},
      ISSN = {1435-9855},
   MRCLASS = {03C15 (03C98 22F50 37A25)},
  MRNUMBER = {3274785},
MRREVIEWER = {Yonatan Gutman},
       fDOI = {10.4171/JEMS/483},
       fURL = {https://doi-org.libproxy.mit.edu/10.4171/JEMS/483},
}



@inproceedings{wood-aistats-2014,
  author = {Wood, Frank and van de Meent, Jan Willem and Mansinghka, Vikash},
  booktitle = {Proc. 17th Int. Conf. on Artificial Intelligence and Statistics (AISTATS 2014)},
  fbooktitle = {Proceedings of the 17th International conference on Artificial Intelligence and Statistics (AISTATS 2014)},
  title = {A New Approach to Probabilistic Programming Inference},
  pages = {1024-1032},
  year = {2014}
}


@inproceedings{roy2008stochastic,
title                 = {A stochastic programming perspective on nonparametric {Bayes}},
author                = {Roy, Daniel and Mansinghka, Vikash K. and Goodman, Noah and Tenenbaum, Joshua B.},
booktitle             = {Workshop on Nonparametric Bayes (co-located with ICML 2008)},
year                  = 2008,
url_paper             = {http://danroy.org/papers/RoyManGooTen-ICMLNPB-2008.pdf},
}


@inproceedings{goodman2008church,
title                 = {Church: A universal language for generative models},
author                = {Goodman, Noah and Mansinghka, Vikash K. and Roy, Daniel and Bonawitz, Keith and Tenenbaum, Joshua B.},
booktitle             = {Proc. 24th Conf. Uncertainty in Artificial Intelligence (UAI 2008)},
fbooktitle             = {UAI 2008: Proceedings of the 24th Conference on Uncertainty in Artificial Intelligence},
pages                 = {220--229},
year                  = 2008,
publisher             = {AUAI Press},
url_paper             = {https://arxiv.org/pdf/1206.3255v2.pdf},
url_link              = {https://dslpitt.org/uai/displayArticleDetails.jsp?mmnu=1&smnu=2&article_id=1346&proceeding_id=24},
}



@Misc{CompExch-PPS2017,
  Author         = {Nathanael L. Ackerman and Jeremy Avigad and Cameron E. Freer and Daniel M. Roy and Jason M. Rute},
  Title          = {On computable representations of exchangeable data},
  HowPublished   = {Workshop on Probabilistic Programming Semantics (PPS 2017)},
  url            = {https://pps2017.luddy.indiana.edu/files/2016/12/compAH.pdf},
  year           = 2017
}

@inproceedings{ackerman2019algorithmic,
  title={Algorithmic barriers to representing conditional independence},
  author={Ackerman, Nathanael L. and Avigad, Jeremy and Freer, Cameron E. and Roy, Daniel M. and Rute, Jason M.},
  booktitle={Proc. 34th ACM/IEEE Symp. Logic in Comp. Sci. (LICS 2019)},
  fbooktitle={Proceedings of the 34th Annual ACM/IEEE Symposium on Logic in Computer Science (LICS 2019)},
  pages={1--13},
  year={2019},
  forganization={IEEE}
}


@article{freer2012computable,
  title={Computable de {Finetti} measures},
  author={Freer, Cameron E. and Roy, Daniel M.},
  journal={Annals of Pure and Applied Logic},
  volume={163},
  number={5},
  pages={530--546},
  year={2012},
  publisher={Elsevier}
}


@InProceedings{pmlr-v9-freer10a,
  title = 	 {Posterior distributions are computable from predictive distributions},
  author = 	 {Cameron Freer and Daniel Roy},
  booktitle = 	 {Proc. 13th Int. Conf. Artificial Intelligence and Statistics (AISTATS 2010)},
  fbooktitle = 	 {Proceedings of the Thirteenth International Conference on Artificial Intelligence and Statistics},
  pages = 	 {233--240},
  year = 	 {2010},
  feditor = 	 {Teh, Yee Whye and Titterington, Mike},
  fvolume = 	 {9},
  fseries = 	 {Proceedings of Machine Learning Research},
  faddress = 	 {Chia Laguna Resort, Sardinia, Italy},
  fmonth = 	 {13--15 May},
  fpublisher =    {PMLR},
  fpdf = 	 {http://proceedings.mlr.press/v9/freer10a/freer10a.pdf},
  furl = 	 {https://proceedings.mlr.press/v9/freer10a.html},
}



@article{lmcs:1157,
  TITLE = {Automata theory in nominal sets},
  AUTHOR = {Miko\l{}aj Boja\'{n}czyk and Bartek Klin and S\l{}awomir Lasota},
  fAUTHOR = {Mikołaj Bojańczyk and Bartek Klin and Sławomir Lasota},
  fURL = {https://lmcs.episciences.org/1157},
  fDOI = {10.2168/LMCS-10(3:4)2014},
  JOURNAL = {Logical Methods in Computer Science},
  VOLUME = {10},
  number = {3},
  fVOLUME = {{Volume 10, Issue 3}},
  YEAR = {2014},
  fMONTH = Aug,
}

@article{MR175755,
    AUTHOR = {Gaifman, Haim},
     TITLE = {Concerning measures in first order calculi},
   JOURNAL = {Israel J. Math.},
  FJOURNAL = {Israel Journal of Mathematics},
    VOLUME = {2},
      YEAR = {1964},
     PAGES = {1--18},
      ISSN = {0021-2172},
   MRCLASS = {02.16},
  MRNUMBER = {175755},
MRREVIEWER = {G. Kreisel},
       fDOI = {10.1007/BF02759729},
       fURL = {https://doi-org.libproxy.mit.edu/10.1007/BF02759729},
}


@article{properly-ergodic,
  title={Properly ergodic structures},
  author={Ackerman, Nathanael and Freer, Cameron and Kruckman, Alex and Patel, Rehana},
  journal={arXiv e-print 1710.09336},
  year={2017}
}


@article{MR3515800,
    AUTHOR = {Ackerman, Nathanael and Freer, Cameron and Patel, Rehana},
     TITLE = {Invariant measures concentrated on countable structures},
   JOURNAL = {Forum Math. Sigma},
  FJOURNAL = {Forum of Mathematics. Sigma},
    VOLUME = {4},
      YEAR = {2016},
     PAGES = {e17},
     fPAGES = {Paper No. e17, 59},
   MRCLASS = {03C98 (03C75 05C63 05C80 37A99 60G09)},
  MRNUMBER = {3515800},
MRREVIEWER = {Martin Weese},
       fDOI = {10.1017/fms.2016.15},
       fURL = {https://doi-org.libproxy.mit.edu/10.1017/fms.2016.15},
}


@book{MR3012035,
    AUTHOR = {Lov\'{a}sz, L\'{a}szl\'{o}},
     TITLE = {Large networks and graph limits},
    fSERIES = {American Mathematical Society Colloquium Publications},
    fVOLUME = {60},
 PUBLISHER = {Amer. Math. Soc., Providence, RI},
 fPUBLISHER = {American Mathematical Society, Providence, RI},
      YEAR = {2012},
     PAGES = {xiv+475},
      ISBN = {978-0-8218-9085-1},
   MRCLASS = {05-02 (05C60 05C80 05C82 05D40)},
  MRNUMBER = {3012035},
MRREVIEWER = {Anant P. Godbole},
       fDOI = {10.1090/coll/060},
       fURL = {https://doi-org.libproxy.mit.edu/10.1090/coll/060},
}





@comment{The following references were initially copied from the ICALP paper}



@InProceedings{BizjakBirkedal,
  Author         = {Ales Bizjak and Lars Birkedal},
  Title          = {Step-Indexed Logical Relations for Probability},
  BookTitle      = {Proc.~FOSSACS 2015},
  Pages          = {279--294},
  year           = 2015
}

@InProceedings{fuhrmann,
  Author         = {Carsten F\"uhrmann},
  Title          = {Varieties of effects},
  BookTitle      = {Proc.~FOSSACS 2002},
  Pages          = {144--159},
  optaddress     = {},
  optannote      = {},
  optcrossref    = {},
  opteditor      = {},
  optkey         = {},
  optmonth       = {},
  optnote        = {},
  optnumber      = {},
  optorganization = {},
  optpages       = {},
  optpublisher   = {},
  optseries      = {},
  optvolume      = {},
  year           = 2002
}

@Article{FurberJacobs,
  Author         = {Robert Furber and Bart Jacobs},
  Title          = {From {K}leisli Categories to Commutative
                   {C}*-algebras: Probabilistic {G}elfand Duality},
  Journal        = {Log. Methods Comput. Sci.},
  Volume         = {11},
  Number         = {2},
  bibsource      = {dblp computer science bibliography, http://dblp.org},
  biburl         = {http://dblp.org/rec/bib/journals/lmcs/FurberJ15},
  fauthor        = {Robert W. J. Furber and Bart P. F. Jacobs},
  fdoi           = {10.2168/LMCS-11(2:5)2015},
  fjournal       = {Logical Methods in Computer Science},
  furl           = {https://doi.org/10.2168/LMCS-11(2:5)2015},
  timestamp      = {Sat, 20 May 2017 00:22:52 +0200},
  year           = 2015
}

@Article{jacobs-commutative-effectus,
  Author         = {Jacobs, Bart},
  Title          = {From probability monads to commutative effectuses},
  Journal        = {J. Log. Algebr. Methods Program.},
  Volume         = {94},
  Pages          = {200--237},
  fdoi           = {10.1016/j.jlamp.2016.11.006},
  fjournal       = {Journal of Logical and Algebraic Methods in
                   Programming},
  furl           = {https://doi-org.libproxy.mit.edu/10.1016/j.jlamp.2016.11.006},
  issn           = {2352-2208},
  mrclass        = {18C20 (68Q10)},
  mrnumber       = {3726099},
  year           = 2018
}


@Book{kechris,
  Author         = {Alexander Kechris},
  Title          = {Classical Descriptive Set Theory},
  Publisher      = {Springer},
  alteditor      = {},
  optaddress     = {},
  optannote      = {},
  optedition     = {},
  optkey         = {},
  optmonth       = {},
  optnote        = {},
  optnumber      = {},
  optseries      = {},
  optvolume      = {},
  year           = 1995
}

@Article{kock-comm,
  Author         = {Anders Kock},
  Title          = {Monads on symmetric monoidal closed categories},
  Journal        = {Arch. Math.},
  Volume         = {21},
  Pages          = {1--10},
  optannote      = {},
  optkey         = {},
  optmonth       = {},
  optnote        = {},
  optnumber      = {},
  year           = 1970
}

@Article{kock:commutative-monads-as-a-theory-of-distributions,
  Author         = {Kock, Anders},
  Title          = {Commutative monads as a theory of distributions},
  Journal        = {Theory Appl. Categ.},
  Volume         = {26},
  Number         = {4},
  Pages          = {97--131},
  fjournal       = {Theory and Applications of Categories},
  fpages         = {No. 4, 97--131},
  issn           = {1201-561X},
  mrclass        = {18C15 (46T30)},
  mrnumber       = {2909640},
  year           = 2012
}

@Article{Kozen81,
  Author         = {Kozen, Dexter},
  Title          = {Semantics of probabilistic programs},
  Journal        = {J. Comput. System Sci.},
  Volume         = {22},
  Number         = {3},
  Pages          = {328--350},
  fjournal       = {Journal of Computer and System Sciences},
  fnote          = {Special issue dedicated to Michael Machtey},
  furl           = {https://doi.org/10.1016/0022-0000(81)90036-2},
  issn           = {0022-0000},
  mrclass        = {68B10 (03B40 47B99)},
  mrnumber       = {633538},
  year           = 1981
}

@InProceedings{ks-prob-first-class-store,
  Author         = {Oleg Kiselyov and Chung-Chieh Shan},
  Title          = {Probabilistic programming using first-class stores and
                   first-class continuations},
  BookTitle      = {Proc.~2010 ACM SIGPLAN Workshop on ML},
  optaddress     = {},
  optannote      = {},
  optcrossref    = {},
  opteditor      = {},
  optkey         = {},
  optmonth       = {},
  optnote        = {},
  optnumber      = {},
  optorganization = {},
  optpages       = {},
  optpublisher   = {},
  optseries      = {},
  optvolume      = {},
  year           = 2010
}

@Article{linton-comm,
  Author         = {F. E. J. Linton},
  Title          = {Autonomous equational categories},
  Journal        = {J. Math. Mech.},
  Volume         = {15},
  Pages          = {637--642},
  optannote      = {},
  optkey         = {},
  optmonth       = {},
  optnote        = {},
  optnumber      = {},
  year           = 1966
}

@Book{modes,
  Author         = {Romanowska, Anna B. and Smith, Jonathan D. H.},
  Title          = {Modes},
  Publisher      = {World Scientific},
  fisbn          = {981-02-4942-X},
  fmrreviewer    = {Ewa Graczy\'nska},
  fpublisher     = {World Scientific Publishing Co., Inc., River Edge, NJ},
  furl           = {https://doi.org/10.1142/4953},
  mrclass        = {08-02 (08A05 08B05 08C15 18B99)},
  mrnumber       = {1932199},
  pages          = {xii+623},
  year           = 2002
}

@Article{msp-venture,
  Author         = {Vikash Mansinghka and Daniel Selsam and Yura Perov},
  Title          = {Venture: a higher-order probabilistic programming
                   platform with programmable inference.},
  Journal        = {arXiv e-print 1404.0099},
  optannote      = {},
  optkey         = {},
  optmonth       = {},
  year           = 2014
}

@Article{neumann,
  Author         = {Neumann, Walter D.},
  Title          = {On the quasivariety of convex subsets of affine space},
  fJournal        = {Archiv der Mathematik},
  Journal        = {Arch. Math.},
  Volume         = {21},
  Pages          = {11-16},
  year           = 1970
}

@Book{pollard,
  Author         = {David Pollard},
  Title          = {A user's guide to measure theoretic probability},
  Publisher      = {Cambridge University Press},
  fpublisher     = {CUP},
  optaddress     = {},
  optannote      = {},
  optedition     = {},
  optkey         = {},
  optmonth       = {},
  optnote        = {},
  optnumber      = {},
  optseries      = {},
  optvolume      = {},
  year           = 2001
}

@Article{poly-pos-boxes,
  Author         = {{Alves Diniz}, M. and {Salasar}, L.~E. and {Bassi
                   Stern}, R.},
  Title          = {Positive Polynomials on closed boxes},
  Journal        = {arXiv e-print 1610.01437},
  adsnote        = {Provided by the SAO/NASA Astrophysics Data System},
  adsurl         = {http://adsabs.harvard.edu/abs/2016arXiv161001437A},
  fmonth         = {26},
  furl           = {https://arxiv.org/abs/1610.01437},
  keywords       = {Mathematics - Classical Analysis and ODEs},
  year           = 2016
}

@Article{poly-pos-interval,
  Author         = {Powers, Victoria and Reznick, Bruce},
  Title          = {Polynomials that are positive on an interval},
  Journal        = {Trans. Amer. Math. Soc.},
  Volume         = {352},
  Number         = {10},
  Pages          = {4677--4692},
  fjournal       = {Transactions of the American Mathematical Society},
  furl           = {https://doi.org/10.1090/S0002-9947-00-02595-2},
  issn           = {0002-9947},
  mrclass        = {12D99 (26C99)},
  mrnumber       = {1707203},
  mrreviewer     = {Claus Scheiderer},
  year           = 2000
}

@Article{pp-algop-geneff,
  Author         = {Plotkin, Gordon and Power, John},
  Title          = {Algebraic operations and generic effects},
  Journal        = {Appl. Categ. Structures},
  Volume         = {11},
  Number         = {1},
  Pages          = {69--94},
  fdoi           = {10.1023/A:1023064908962},
  fjournal       = {Applied Categorical Structures. A Journal Devoted to
                   Applications of Categorical Methods in Algebra,
                   Analysis, Order, Topology and Computer Science},
  fnote          = {On formal description of computations---refined
                   structures and new trends (Cork, 2000)},
  furl           = {https://doi-org.libproxy.mit.edu/10.1023/A:1023064908962},
  issn           = {0927-2852},
  mrclass        = {18C50 (18D10 68N18 68Q55)},
  mrnumber       = {1993110},
  year           = 2003
}

@InProceedings{pp-notions,
  Author         = {Gordon D. Plotkin and John Power},
  Title          = {Notions of Computation Determine Monads},
  BookTitle      = {Proc.~FOSSACS 2002},
  optaddress     = {},
  optannote      = {},
  optcrossref    = {},
  opteditor      = {},
  optkey         = {},
  optmonth       = {},
  optnote        = {},
  optnumber      = {},
  optorganization = {},
  optpages       = {},
  optpublisher   = {},
  optseries      = {},
  optvolume      = {},
  year           = 2002
}

@InProceedings{s-instances,
  Author         = {Staton, Sam},
  Title          = {Instances of Computational Effects: An Algebraic
                   Perspective},
  BookTitle      = {Proc.~LICS 2013},
  acmid          = {2591394},
  fdoi           = {10.1109/LICS.2013.58},
  fisbn          = {978-0-7695-5020-6},
  fpublisher     = {IEEE Computer Society},
  furl           = {http://dx.doi.org/10.1109/LICS.2013.58},
  optaddress     = {Washington, DC},
  optbooktitle   = {Proceedings of the 2013 28th Annual ACM/IEEE Symposium
                   on Logic in Computer Science (LICS '13)},
  optfaddress    = {Washington, DC, USA},
  optfseries     = {LICS '13},
  optpages       = {519},
  year           = 2013
}

@InProceedings{s-pred-logic,
  Author         = "Staton, Sam",
  Title          = "An Algebraic Presentation of Predicate Logic",
  fBookTitle      = "Foundations of Software Science and Computation Structures (FOSSACS 2013)",
  BookTitle      = {Proc.~FOSSACS 2013},
  Pages          = "401--417",
  fPublisher      = "Springer",
  faddress       = "Berlin",
  feditor        = "Pfenning, Frank",
  fisbn          = "978-3-642-37075-5",
  fpublisher     = "Springer Berlin Heidelberg",
  year           = 2013
}

@Book{schervish,
  Author         = {Mark J. Schervish},
  Title          = {Theory of statistics},
  Publisher      = {Springer},
  optaddress     = {},
  optannote      = {},
  optedition     = {},
  optkey         = {},
  optmonth       = {},
  optnote        = {},
  optnumber      = {},
  optseries      = {},
  optvolume      = {},
  year           = 1995
}

@Article{stone,
  Author         = {Stone, M. H.},
  Title          = {Postulates for the barycentric calculus},
  Journal        = {Ann. Mat. Pura Appl. (4)},
  Volume         = {29},
  Pages          = {25--30},
  fjournal       = {Annali di Matematica Pura ed Applicata. Serie Quarta},
  furl           = {https://doi.org/10.1007/BF02413910},
  issn           = {0003-4622},
  mrclass        = {52.0X},
  mrnumber       = {0036014},
  mrreviewer     = {W. Fenchel},
  year           = 1949
}

@Article{Teh-HDP,
  Author         = {Teh, Yee Whye and Jordan, Michael I. and Beal, Matthew
                   J. and Blei, David M.},
  Title          = {Hierarchical {D}irichlet processes},
  Journal        = {J. Amer. Statist. Assoc.},
  Volume         = {101},
  Number         = {476},
  Pages          = {1566--1581},
  fjournal       = {Journal of the American Statistical Association},
  furl           = {https://doi.org/10.1198/016214506000000302},
  issn           = {0162-1459},
  mrclass        = {62E10 (62H30)},
  mrnumber       = {2279480},
  year           = 2006
}

@Article{vonneumann,
  Author         = {von Neumann, John},
  Title          = {Various Techniques Used in Connection with Random
                   Digits},
  Journal        = {Nat. Bur. Stand. Appl. Math. Series},
  Volume         = {12},
  Pages          = {36-38},
  fjournal       = {J. Res. Nat. Bur. Stand. Appl. Math. Series 3},
  fulljournal    = {National Bureau of Standards Applied Math Series},
  year           = 1951
}

@MastersThesis{wu-church,
  Author         = {Jeff Wu},
  Title          = {Reduced Traces and {J}{I}{T}ing in {C}hurch},
  School         = {Mass. Inst. of Tech.},
  fSchool         = {Massachusetts Institute of Technology},
  fschool        = {MIT},
  optaddress     = {},
  optannote      = {},
  optkey         = {},
  optmonth       = {},
  optnote        = {},
  opttype        = {},
  year           = 2013
}

@Misc{XRP-PPS2016,
  Author         = {Nathanael L. Ackerman and Cameron E. Freer and Daniel
                   M. Roy},
  Title          = {Exchangeable Random Primitives},
  HowPublished   = {Workshop on Probabilistic Programming Semantics (PPS
                   2016)},
  ftitle         = {e{X}changeable Random Primitives},
  url            = {http://pps2016.luddy.indiana.edu/files/2015/12/xrp.pdf},
  year           = 2016
}

@Misc{XRPDA-PPS2017,
  Author         = {Sam Staton and Hongseok Yang and Nathanael Ackerman
                   and Cameron Freer and Daniel M. Roy},
  Title          = {Exchangeable Random Processes and Data Abstraction},
  HowPublished   = {Workshop on Probabilistic Programming Semantics (PPS
                   2017)},
  url            = {https://pps2017.luddy.indiana.edu/files/2017/01/staton-yang-ackerman-freer-roy.pdf},
  year           = 2017
}


@InProceedings{ahmanstaton,
  author = 	 {Danel Ahman and Sam Staton},
  title = 	 {Normalization by evaluation and algebraic effects},
  OPTcrossref =  {},
  OPTkey = 	 {},
  booktitle = {Proc.~MFPS 2013},
  year = 	 {2013},
  OPTeditor = 	 {},
  volume = 	 {298},
  OPTnumber = 	 {},
  series = 	 {Electron. Notes Theor. Comput. Sci},
  pages = 	 {51--69},
  OPTmonth = 	 {},
  OPTaddress = 	 {},
  OPTorganization = {},
  OPTpublisher = {},
  OPTnote = 	 {},
  OPTannote = 	 {}
}




@InProceedings{jsv,
  author = 	 {Patricia Johann and Alex Simpson and Janis Voigtl\"ander},
  title = 	 {A Generic Operational Metatheory for Algebraic Effects},
  OPTcrossref =  {},
  OPTkey = 	 {},
  booktitle = {Proc.~LICS 2010},
  year = 	 {2010},
  OPTeditor = 	 {},
  OPTvolume = 	 {},
  OPTnumber = 	 {},
  OPTseries = 	 {},
  pages = 	 {209--218},
  OPTmonth = 	 {},
  OPTaddress = 	 {},
  OPTorganization = {},
  OPTpublisher = {},
  OPTnote = 	 {},
  OPTannote = 	 {}
}

@PhdThesis{pretnar,
  author = 	 {Matija Pretnar},
  title = 	 {The Logic and Handling of Algebraic Effects},
  school = 	 {Univ.~Edinburgh},
  year = 	 {2010},
  OPTkey = 	 {},
  OPTtype = 	 {},
  OPTaddress = 	 {},
  OPTmonth = 	 {},
  OPTnote = 	 {},
  OPTannote = 	 {}
}

@InProceedings{kammarplotkin,
  author = 	 {Ohad Kammar and Gordon D. Plotkin},
  title = 	 {Algebraic foundations for effect-dependent optimisations},
  OPTcrossref =  {},
  OPTkey = 	 {},
  booktitle = {Proc.~POPL 2012},
  year = 	 {2012},
  OPTeditor = 	 {},
  OPTvolume = 	 {},
  OPTnumber = 	 {},
  OPTseries = 	 {},
  pages = 	 {349--360},
  OPTmonth = 	 {},
  OPTaddress = 	 {},
  OPTorganization = {},
  OPTpublisher = {},
  OPTnote = 	 {},
  OPTannote = 	 {}
}

@Article{Staton-BB18-full,
  Author         = {Sam Staton and Dario Stein and Hongseok Yang and Nathanael L. Ackerman and Cameron E. Freer and Daniel M. Roy},
  Title          = {The {B}eta-{B}ernoulli Process and Algebraic Effects},
  Journal        = {arXiv e-print 1802.09598},
  furl           = {https://arxiv.org/abs/1802.09598},
  year           = 2018
}

@InProceedings{Staton-BB18-short,
  Author         = {Sam Staton and Dario Stein and Hongseok Yang and Nathanael L. Ackerman and Cameron E. Freer and Daniel M. Roy},
  Title          = {The {B}eta-{B}ernoulli Process and Algebraic Effects},
  booktitle = {Proc.~ICALP 2018},
  year           = 2018,
  note = 	 {Appendix at arXiv:1802.09598},
}


@InProceedings{sv,
  author = 	 {Davide Sangiorgi and Valeria Vignudelli},
  title = 	 {Environmental Bisimulations for Probabilistic Higher-Order Languages},
  OPTcrossref =  {},
  OPTkey = 	 {},
  booktitle = {Proc.~POPL 2016},
  year = 	 {2016},
  OPTeditor = 	 {},
  OPTvolume = 	 {},
  OPTnumber = 	 {},
  OPTseries = 	 {},
  OPTpages = 	 {},
  OPTmonth = 	 {},
  OPTaddress = 	 {},
  OPTorganization = {},
  OPTpublisher = {},
  OPTannote = 	 {}
}



@Misc{wgcc,
  author = 	 {Mitchell Wand and Theophilos Giannakopoulos and Andrew Cobb and Ryan Culpepper},
  title = 	 {Contextual Equivalence for a Probabilistic
Language with Continuous Random Variables
and Recursion},
  OPTcrossref =  {},
  OPTkey = 	 {},
  howpublished = {Workshop on Probabilistic Programming Semantics (PPS 2018)},
  year = 	 {2018},
  OPTeditor = 	 {},
  OPTvolume = 	 {},
  OPTnumber = 	 {},
  OPTseries = 	 {},
  OPTpages = 	 {},
  OPTmonth = 	 {},
  OPTaddress = 	 {},
  OPTorganization = {},
  OPTpublisher = {},
  OPTnote = 	 {},
  OPTannote = 	 {},
  url = {https://pps2018.luddy.indiana.edu/files/2018/01/paper.pdf}
}





@Article{janson,
  author = 	 {Svante Janson},
  title = 	 {Graphons, cut norm and distance,
couplings and rearrangements},
  journal = 	 {New York Journal of Mathematics
Monographs},
  year = 	 {2013},
  OPTkey = 	 {},
  volume = 	 {4},
  OPTnumber = 	 {},
  OPTpages = 	 {},
  OPTmonth = 	 {},
  OPTnote = 	 {},
  OPTannote = 	 {}
}



@Article{prob-cbpv,
  author = 	 {Thomas Ehrhard and Christine Tasson},
  title = 	 {Probabilistic call by push value},
  journal = 	 {Logical Methods in Computer Science},
  year = 	 {2019},
  OPTkey = 	 {},
  volume = 	 {15},
  number = 	 {1},
  OPTpages = 	 {},
  OPTmonth = 	 {},
  OPTnote = 	 {},
  OPTannote = 	 {}
}





@article{probprog-intro,
  author = 	 {van de Meent, Jan-Willem and Brooks Paige and Hongseok Yang and Frank Wood},
  title = 	 {An Introduction to Probabilistic Programming},
  fnote = 	 {arXiv:1809.10756},
  journal = 	 {arXiv e-print 1809.10756},
  OPTkey = 	 {},
  OPTmonth = 	 {},
  year = 	 {2018},
  OPTannote = 	 {}
}



@Book{graphs-handbook,
  editor = 	 {Stefan Bornholdt and Hans Georg Schuster},
  title = 	 {Handbook of Graphs and Networks},
  publisher = 	 {Wiley},
  year = 	 {2002},
}


@InProceedings{gp-nominal,
  author = 	 {Murdoch Gabbay and Andrew M Pitts},
  title = 	 {A New Approach to Abstract Syntax Involving Binders},
  OPTcrossref =  {},
  OPTkey = 	 {},
  booktitle = {Proc.~LICS 1999},
  year = 	 {1999},
  OPTeditor = 	 {},
  OPTvolume = 	 {},
  OPTnumber = 	 {},
  OPTseries = 	 {},
  pages = 	 {214--224},
  OPTmonth = 	 {},
  OPTaddress = 	 {},
  OPTorganization = {},
  OPTpublisher = {},
  OPTnote = 	 {},
  OPTannote = 	 {}
}



@Book{pitts-nom-book,
  author = 	 {Andrew M. Pitts},
  title = 	 {Nominal Sets: names and symmetry in computer science},
  publisher = 	 {CUP},
  year = 	 {2013},
  OPTkey = 	 {},
  OPTvolume = 	 {},
  OPTnumber = 	 {},
  OPTseries = 	 {},
  OPTaddress = 	 {},
  OPTedition = 	 {},
  OPTmonth = 	 {},
  OPTnote = 	 {},
  OPTannote = 	 {}
}


@InProceedings{bojancyk-place,
  author = 	 {M. Boja\'nczyk and T. Place},
  title = 	 {Towards model theory with data values},
  booktitle = {Proc.~ICALP 2012},
  year = 	 2012}




@Article{caramello-fraisse,
  author = 	 {Olivia Caramello},
  title = 	 {Fra\"iss\'e's Construction from a Topos-Theoretic Perspective},
  journal = 	 {Logica Universalis},
  year = 	 {2014},
  OPTkey = 	 {},
  volume = 	 {8},
  OPTnumber = 	 {},
  pages = 	 {261--281},
  OPTmonth = 	 {},
  OPTnote = 	 {},
  OPTannote = 	 {}
}






@Misc{tao-graphons,
  OPTkey = 	 {},
  author = 	 {Terence Tao},
  title = 	 {Ultraproducts as a Bridge Between Discrete and Continuous Analysis},
  opthowpublished = {Blog, },
  month = 	 {12},
  year = 	 {2013},
  url = 	 {https://terrytao.wordpress.com/2013/12/07/},
}


@InProceedings{stein-staton,
  author = 	 {Dario Stein and Sam Staton},
  title = 	 {Compositional Semantics for Probabilistic Programs with Exact Conditioning},
  OPTcrossref =  {},
  OPTkey = 	 {},
  booktitle = {Proc.~LICS 2021},
  year = 	 {2021},
  OPTeditor = 	 {},
  OPTvolume = 	 {},
  OPTnumber = 	 {},
  OPTseries = 	 {},
  OPTpages = 	 {},
  OPTmonth = 	 {},
  OPTaddress = 	 {},
  OPTorganization = {},
  OPTpublisher = {},
  OPTnote = 	 {},
  OPTannote = 	 {}
}


@InProceedings{kammar-mcdermott,
  author = 	 {Ohad Kammar and Dylan McDermott},
  title = 	 {Factorisation Systems for Logical Relations and Monadic Lifting in Type-and-effect System Semantics},
  OPTcrossref =  {},
  OPTkey = 	 {},
  booktitle = {Proc.~MFPS 2018},
  year = 	 {2018},
  OPTeditor = 	 {},
  OPTvolume = 	 {},
  OPTnumber = 	 {},
  OPTseries = 	 {},
  pages = 	 {239--260},
  OPTmonth = 	 {},
  OPTaddress = 	 {},
  OPTorganization = {},
  OPTpublisher = {},
  OPTnote = 	 {},
  OPTannote = 	 {}
}


@Article{kelly-power,
  author = 	 {G. M. Kelly and A. J. Power},
  title = 	 {Adjunctions whose counits are coequalizers and presentations of finitary enriched monads},
  journal = 	 {J. Pure Appl. Algebra},
  year = 	 {1993},
  OPTkey = 	 {},
  volume = 	 {89},
  OPTnumber = 	 {},
  pages = 	 {163--179},
  OPTmonth = 	 {},
  OPTnote = 	 {},
  OPTannote = 	 {}
}


@InProceedings{qbs,
  author = 	 {Chris Heunen and Ohad Kammar and Sam Staton and Hongseok Yang},
  title = 	 {A convenient category for higher-order probability theory},
  OPTcrossref =  {},
  OPTkey = 	 {},
  booktitle = {Proc.~LICS 2017},
  year = 	 {2017},
  OPTeditor = 	 {},
  OPTvolume = 	 {},
  OPTnumber = 	 {},
  OPTseries = 	 {},
  OPTpages = 	 {},
  OPTmonth = 	 {},
  OPTaddress = 	 {},
  OPTorganization = {},
  OPTpublisher = {},
  OPTnote = 	 {},
  OPTannote = 	 {}
}


@InProceedings{s-finite,
  author = 	 {Sam Staton},
  title = 	 {Commutative Semantics for Probabilistic Programming},
  OPTcrossref =  {},
  OPTkey = 	 {},
  booktitle = {Proc.~ESOP 2017},
  OPTyear = 	 {},
  OPTeditor = 	 {},
  OPTvolume = 	 {},
  OPTnumber = 	 {},
  OPTseries = 	 {},
  pages = 	 {855-879},
  OPTmonth = 	 {},
  OPTaddress = 	 {},
  OPTorganization = {},
  OPTpublisher = {},
  OPTnote = 	 {},
  OPTannote = 	 {},
  year = {2017}
}

@InProceedings{giry,
  author = 	 {Michèle Giry},
  title = 	 {A categorical approach to probability theory},
  OPTcrossref =  {},
  OPTkey = 	 {},
  booktitle = {Categorical aspects of topology and analysis},
  year = 	 {1980},
  OPTeditor = 	 {},
  volume = 	 {915},
  OPTnumber = 	 {},
  series = 	 {Lecture Notes in Math.},
  pages = 	 {68--85},
  OPTmonth = 	 {},
  OPTaddress = 	 {},
  OPTorganization = {},
  OPTpublisher = {},
  OPTnote = 	 {},
  OPTannote = 	 {}
}



@Book{elephant,
  author = 	 {Peter T. Johnstone},
  title = 	 {Sketches of an Elephant – A Topos Theory Compendium},
  publisher = 	 {OUP},
  year = 	 {2002},
  OPTkey = 	 {},
  OPTvolume = 	 {},
  OPTnumber = 	 {},
  OPTseries = 	 {},
  OPTaddress = 	 {},
  OPTedition = 	 {},
  OPTmonth = 	 {},
  OPTnote = 	 {},
  OPTannote = 	 {}
}





@InProceedings{homomorphisms-fodef,
  author = 	 {Bartek Klin and Sławomir Lasota and Joanna Ochremiak and Szymon Toru\'nczyk},
  title = 	 {Homomorphism Problems for First-Order Definable Structures},
  OPTcrossref =  {},
  OPTkey = 	 {},
  booktitle = {Proc.~FSTTCS 2016},
  year = 	 {2016},
  OPTeditor = 	 {},
  OPTvolume = 	 {},
  OPTnumber = 	 {},
  OPTseries = 	 {},
  OPTpages = 	 {},
  OPTmonth = 	 {},
  OPTaddress = 	 {},
  OPTorganization = {},
  OPTpublisher = {},
  OPTnote = 	 {},
  OPTannote = 	 {}
}


@Article{jacobs-weakening,
  author = 	 {Bart Jacobs},
  title = 	 {Semantics of weakening and contraction},
  journal = 	 {Ann.~Pure \& Appl.~Logic},
  year = 	 {1994},
  OPTkey = 	 {},
  volume = 	 {69},
  number = 	 {1},
  pages = 	 {73--106},
  OPTmonth = 	 {},
  OPTnote = 	 {},
  OPTannote = 	 {}
}


@Article{lindner-affine,
  author = 	 {H. Lindner},
  title = 	 {Affine parts of monads},
  journal = 	 {Arch.~Math.},
  year = 	 {1979},
  OPTkey = 	 {},
  OPTvolume = 	 {XXXIII},
  OPTnumber = 	 {},
  OPTpages = 	 {437--443},
  OPTmonth = 	 {},
  OPTnote = 	 {},
  OPTannote = 	 {}
}

B. Jacobs. . Cambridge Univ. Press, to appear, 2016.



@Book{jacobs-coalgebra,
  author = 	 {Bart Jacobs},
  title = 	 {Introduction to coalgebra: Towards mathematics of states and
observations},
  publisher = 	 {CUP},
  year = 	 {2016},
  OPTkey = 	 {},
  OPTvolume = 	 {},
  OPTnumber = 	 {},
  OPTseries = 	 {},
  OPTaddress = 	 {},
  OPTedition = 	 {},
  OPTmonth = 	 {},
  OPTnote = 	 {},
  OPTannote = 	 {}
}

@article{ackerman-autm-invariant,
  author = 	 {Nathanael Ackerman},
  title = 	 {Representations of {A}ut({M})-Invariant Measures},
  fnote = 	 {https://arxiv.org/abs/1509.06170},
  journal = {arXiv e-print 1509.06170},
  OPTkey = 	 {},
  OPTmonth = 	 {},
  year = 	 {2015},
  OPTannote = 	 {}
}

@Article{crane-towsner,
  author = 	 {Harry Crane and Henry Towsner},
  title = 	 {Relatively exchangeable structures},
  journal = 	 {J.~Symbolic Logic},
  year = 	 {2018},
  OPTkey = 	 {},
  volume = 	 {83},
  number = 	 {2},
  pages = 	 {416--442},
  OPTmonth = 	 {},
  OPTnote = 	 {},
  OPTannote = 	 {}
}

@Article{jlsy-dags,
  author = 	 {P. Jung and J. Lee and S. Staton and H. Yang},
  title = 	 {A generalization of hierarchical exchangeability on trees to directed acyclic graphs},
  journal = 	 {Annales Henri Lebesgue},
  year = 	 {2021},
  OPTkey = 	 {},
  volume = 	 {4},
  OPTnumber = 	 {},
  OPTpages = 	 {},
  OPTmonth = 	 {},
  OPTnote = 	 {},
  OPTannote = 	 {}
}


@InProceedings{lazyppl,
  author = 	 {S. Dash and Y. Kaddar and H. Paquet and S. Staton},
  title = 	 {Affine monads and lazy structures for {B}ayesian programming},
  OPTcrossref =  {},
  OPTkey = 	 {},
  booktitle = {Proc.~POPL 2023},
  year = 	 {2023},
  OPTeditor = 	 {},
  OPTvolume = 	 {},
  OPTnumber = 	 {},
  OPTseries = 	 {},
  OPTpages = 	 {},
  OPTmonth = 	 {},
  OPTaddress = 	 {},
  OPTorganization = {},
  OPTpublisher = {},
  OPTnote = 	 {},
  OPTannote = 	 {}
}



@Article{power-universal,
  author = 	 {John Power},
  title = 	 {Generic models for computational effects},
  journal = 	 {Theor. Comput. Sci.},
  year = 	 {2006},
  volume = 	 {364},
  number = 	 {2},
  pages = 	 {254--269},
  OPTmonth = 	 {},
  OPTnote = 	 {},
  OPTannote = 	 {}
}



@Article{hermida-tennent,
  author = 	 {Claudio Hermida and Robert Tennent},
  title = 	 {Monoidal indeterminates and categories of possible worlds},
  journal = 	 {Theoretical Computer Science},
  year = 	 {2012},
  OPTkey = 	 {},
  volume = 	 {430},
  OPTnumber = 	 {},
  OPTpages = 	 {},
  OPTmonth = 	 {},
  OPTnote = 	 {},
  OPTannote = 	 {}
}




@InProceedings{hs-quantum,
  author = 	 {Mathieu Huot and Sam Staton},
  title = 	 {Universal Properties in Quantum Theory},
  OPTcrossref =  {},
  OPTkey = 	 {},
  booktitle = {Proc.~QPL 2018},
  year = 	 {2018},
  OPTeditor = 	 {},
  OPTvolume = 	 {},
  OPTnumber = 	 {},
  OPTseries = 	 {},
  OPTpages = 	 {},
  OPTmonth = 	 {},
  OPTaddress = 	 {},
  OPTorganization = {},
  OPTpublisher = {},
  OPTnote = 	 {},
  OPTannote = 	 {}
}




@InProceedings{ahk-partial-quantum,
  author = 	 {Pablo Andrés-Martínez and Chris Heunen and Robin Kaarsgaard},
  title = 	 {Universal Properties of Partial Quantum Maps},
  OPTcrossref =  {},
  OPTkey = 	 {},
  booktitle = {Proc~QPL 2022},
  year = 	 {2022},
  OPTeditor = 	 {},
  OPTvolume = 	 {},
  OPTnumber = 	 {},
  OPTseries = 	 {},
  OPTpages = 	 {},
  OPTmonth = 	 {},
  OPTaddress = 	 {},
  OPTorganization = {},
  OPTpublisher = {},
  OPTnote = 	 {},
  OPTannote = 	 {}
}




@InProceedings{para,
  author = 	 {Geoffrey S. H. Cruttwell and Bruno Gavranovi\'c and Neil Ghani and
Paul Wilson and Fabio Zanasi},
  title = 	 {Categorical Foundations of Gradient-Based Learning},
  OPTcrossref =  {},
  OPTkey = 	 {},
  booktitle = {Proc.~ESOP 2021},
  year = 	 {2021},
  OPTeditor = 	 {},
  OPTvolume = 	 {},
  OPTnumber = 	 {},
  OPTseries = 	 {},
  OPTpages = 	 {},
  OPTmonth = 	 {},
  OPTaddress = 	 {},
  OPTorganization = {},
  OPTpublisher = {},
  OPTnote = 	 {},
  OPTannote = 	 {}
}


@Article{hu-tholen,
  author = 	 {Hongde Hu and Walter Tholen},
  title = 	 {Limits in free coproduct completions},
  journal = 	 {Journal of Pure and Applied Algebra},
  year = 	 {1995},
  OPTkey = 	 {},
  volume = 	 {105},
  OPTnumber = 	 {},
  pages = 	 {277--291},
  OPTmonth = 	 {},
  OPTnote = 	 {},
  OPTannote = 	 {}
}



@Article{walters,
  author = 	 {R F C Walters},
  title = 	 {Data types in distributive categories},
  journal = 	 {Bulletin of the Australian Mathematical Society},
  year = 	 {1989},
  OPTkey = 	 {},
  volume =	 {40},
  OPTnumber = 	 {},
  pages = 	 {79--82},
  OPTmonth = 	 {},
  OPTnote = 	 {},
  OPTannote = 	 {}
}





@article{fgpt-weakly-affine,
  author = 	 {Tobias Fritz and Fabio Gadducci and Paolo Perrone and Davide Trotta},
  title = 	 {Weakly affine monads},
  fnote = 	 {arXiv:2303.14049},
  journal = 	 {arXiv e-print 2303.14049},
  OPTkey = 	 {},
  fmonth = 	 {March},
  year = 	 {2023},
  OPTannote = 	 {}
}





@InProceedings{bpdh,
  author = 	 {Nick Benton and Gavin Bierman and de Paiva, Valeria and Martin Hyland },
  title = 	 {Linear $\lambda$-calculus and categorical models revisited},
  OPTcrossref =  {},
  OPTkey = 	 {},
  booktitle = {Proc.~CSL 1992},
  year = 	 {1992},
  OPTeditor = 	 {},
  OPTvolume = 	 {},
  OPTnumber = 	 {},
  OPTseries = 	 {},
  OPTpages = 	 {},
  OPTmonth = 	 {},
  OPTaddress = 	 {},
  OPTorganization = {},
  OPTpublisher = {},
  OPTnote = 	 {},
  OPTannote = 	 {}
}

@Article{clw,
  author = 	 {Aurelio Carboni and Stephen Lack and R F C Walters},
  title = 	 {Introduction to extensive and distributive categories},
  journal = 	 {J.~Pure Appl.~Algebra},
  year = 	 {1993},
  OPTkey = 	 {},
  volume = 	 {84},
  number = 	 {2},
  pages = 	 {145--158},
  OPTmonth = 	 {},
  OPTnote = 	 {},
  OPTannote = 	 {}
}



@Article{cockett-distr,
  author = 	 {J R B Cockett},
  title = 	 {Introduction to distributive categories},
  journal = 	 {Math.~Struct.~Comput.~Sci.},
  year = 	 {1993},
  OPTkey = 	 {},
  volume = 	 {3},
  number = 	 {3},
  pages = 	 {277--307},
  OPTmonth = 	 {},
  OPTnote = 	 {},
  OPTannote = 	 {}
}



@Article{jay-distr-monoidal,
  author = 	 {C Barry Jay},
  title = 	 {Tail recursion through universal invariants},
  journal = 	 {Theoret.~Comput.~Sci},
  year = 	 {1993},
  OPTkey = 	 {},
  volume = 	 {115},
  number = 	 {1},
  pages = 	 {151--189},
  OPTmonth = 	 {},
  OPTnote = 	 {Sec 3.2},
  OPTannote = 	 {}
}



@InCollection{pitts-cat-logic,
  author = 	 {Andrew M Pitts},
  title = 	 { Categorical logic},
  booktitle = 	 {Handbook of Logic in Computer Science},
  OPTcrossref =  {},
  OPTkey = 	 {},
  publisher = {OUP},
  year = 	 {2001},
  OPTeditor = 	 {},
  volume = 	 {5},
  OPTnumber = 	 {},
  OPTseries = 	 {},
  OPTtype = 	 {},
  OPTchapter = 	 {},
  OPTpages = 	 {},
  OPTedition = 	 {},
  OPTmonth = 	 {},
  OPTaddress = 	 {},
  OPTnote = 	 {},
  OPTannote = 	 {}
}




@InProceedings{power-local,
  author = 	 {A J Power},
  title = 	 {Semantics for local computational effects},
  OPTcrossref =  {},
  OPTkey = 	 {},
  booktitle = {Proc.~MFPS 2006},
  year = 	 {2006},
  OPTeditor = 	 {},
  OPTvolume = 	 {},
  OPTnumber = 	 {},
  OPTseries = 	 {},
  OPTpages = 	 {},
  OPTmonth = 	 {},
  OPTaddress = 	 {},
  OPTorganization = {},
  OPTpublisher = {},
  OPTnote = 	 {},
  OPTannote = 	 {}
}

@InProceedings{fiore-comb,
  author = 	 {M P Fiore},
  title = 	 {Mathematical models of computational and combinatorial structures},
  OPTcrossref =  {},
  OPTkey = 	 {},
  booktitle = {Proc.~FOSSACS 2005},
  year = 	 {2005},
  OPTeditor = 	 {},
  OPTvolume = 	 {},
  OPTnumber = 	 {},
  OPTseries = 	 {},
  OPTpages = 	 {},
  OPTmonth = 	 {},
  OPTaddress = 	 {},
  OPTorganization = {},
  OPTpublisher = {},
  OPTnote = 	 {},
  OPTannote = 	 {}
}


@InProceedings{dsp-layer,
  author = 	 {Fredrik Dahlqvist and Louis Parlant and Alexandra Silva},
  title = 	 {Layer by layer: composing monads},
  OPTcrossref =  {},
  OPTkey = 	 {},
  booktitle = {Proc.~ICTAC 2018},
  year = 	 {2018}, 
  OPTeditor = 	 {},
  OPTvolume = 	 {},
  OPTnumber = 	 {},
  OPTseries = 	 {},
  OPTpages = 	 {},
  OPTmonth = 	 {},
  OPTaddress = 	 {},
  OPTorganization = {},
  OPTpublisher = {},
  OPTnote = 	 {},
  OPTannote = 	 {}
}



@InProceedings{amorim-markov,
  author = 	 {Azevedo de Amorim, Pedro Henrique},
  title = 	 {A Higher-Order Language for {M}arkov Kernels and Linear Operators},
  OPTcrossref =  {},
  OPTkey = 	 {},
  booktitle = {Proc.~FOSSACS 2023},
  year = 	 {2023},
  OPTeditor = 	 {},
  OPTvolume = 	 {},
  OPTnumber = 	 {},
  OPTseries = 	 {},
  OPTpages = 	 {},
  OPTmonth = 	 {},
  OPTaddress = 	 {},
  OPTorganization = {},
  OPTpublisher = {},
  OPTnote = 	 {},
  OPTannote = 	 {}
}



@InProceedings{kaddar-staton-stoch-mem,
  author = 	 {Younesse Kaddar and Sam Staton},
  title = 	 { A model of stochastic memoization and name generation in probabilistic programming: categorical semantics via monads on presheaf categories},
  OPTcrossref =  {},
  OPTkey = 	 {},
  booktitle = {Proc.~MFPS 2023},
  year = 	 {2023},
  OPTeditor = 	 {},
  OPTvolume = 	 {},
  OPTnumber = 	 {},
  OPTseries = 	 {},
  OPTpages = 	 {},
  OPTmonth = 	 {},
  OPTaddress = 	 {},
  OPTorganization = {},
  OPTpublisher = {},
  note = 	 {To appear},
  OPTannote = 	 {}
}

@Book{maclane,
  author = 	 {Mac~Lane, Saunders},
  title = 	 {Categories for the Working Mathematician},
  publisher = 	 {Springer},
  year = 	 {1998},
  OPTkey = 	 {},
  OPTvolume = 	 {},
  OPTnumber = 	 {},
  OPTseries = 	 {},
  OPTaddress = 	 {},
  OPTedition = 	 {},
  OPTmonth = 	 {},
  OPTnote = 	 {},
  OPTannote = 	 {}
}

@article{pavlovic_1997, 
title={Categorical logic of names and abstraction in action calculi}, 
volume={7},
fDOI={10.1017/S0960129597002296}, 
number={6}, 
journal={Mathematical Structures in Computer Science}, 
publisher={Cambridge University Press}, 
author={Pavlovi\'c, Du\v{s}ko}, 
year={1997}, 
pages={619–637}
}

@inproceedings{backprop,
author = {Fong, Brendan and Spivak, David and Tuy\'{e}ras, R\'{e}my},
title = {Backprop as Functor: A Compositional Perspective on Supervised Learning},
year = {2021},
publisher = {IEEE Press},
booktitle = {Proceedings of the 34th Annual ACM/IEEE Symposium on Logic in Computer Science},
articleno = {11},
numpages = {13},
location = {Vancouver, Canada},
series = {LICS '19}
}

@article{Shiebler2021categorical,
  fdoi = {10.32408/compositionality-3-1},
  furl = {https://doi.org/10.32408/compositionality-3-1},
  title = {Categorical {S}tochastic {P}rocesses and {L}ikelihood},
  author = {Shiebler, Dan},
  journal = {{Compositionality}},
  issn = {2631-4444},
  publisher = {{Compositionality}},
  volume = {3},
  issue = {1},
  month = apr,
  year = {2021}
}


@Book{penrose-rgg,
  author = 	 {Mathew Penrose},
  title = 	 {Random geometric graphs},
  publisher = 	 {Oxford University Press},
  year = 	 {2003},
  OPTkey = 	 {},
  OPTvolume = 	 {},
  OPTnumber = 	 {},
  OPTseries = 	 {},
  OPTaddress = 	 {},
  OPTedition = 	 {},
  OPTmonth = 	 {},
  OPTnote = 	 {},
  OPTannote = 	 {}
}

@article{https://doi.org/10.1002/rsa.20633,
author = {Bubeck, Sébastien and Ding, Jian and Eldan, Ronen and Rácz, Miklós Z.},
title = {Testing for high-dimensional geometry in random graphs},
journal = {Random Structures \& Algorithms},
volume = {49},
number = {3},
pages = {503-532},
year = {2016}
}


@Misc{probmods1,
  OPTkey = 	 {},
  author = 	 {N. D. Goodman and J. B. Tenenbaum},
  title = 	 {Probabilistic Models of Cognition},
  fhowpublished = {retrieved},
  month = 	 {October},
  year = 	 {2023},
  url = 	 {http://v1.probmods.org},
  OPTannote = 	 {}
}


@Article{austin-panchenko,
  author = 	 {Austin, T. and Panchenko, D.},
  title = 	 {A hierarchical version of the de {F}inetti and {A}ldous-{H}oover representations},
  journal = 	 {Probab. Theory Relat. Fields},
  year = 	 {2014},
  OPTkey = 	 {},
  volume = 	 {159},
  OPTnumber = 	 {},
  pages = 	 {809--823},
  OPTmonth = 	 {},
  OPTnote = 	 {},
  OPTannote = 	 {}
}

@article{Campbell23,
  author = {Trevor Campbell and Saifuddin Syed and Chiao-Yu Yang and Michael I Jordan and Tamara Broderick},
  year = {2023},
  title = {Local exchangeability},
  journal = {Bernoulli},
  volume = {29},
  number = {3},
  pages = {2084--2100} 
}

@article{10.1111/rssb.12233,
    author = {Caron, François and Fox, Emily B.},
    title = "{Sparse Graphs Using Exchangeable Random Measures}",
    journal = {Journal of the Royal Statistical Society Series B: Statistical Methodology},
    volume = {79},
    number = {5},
    pages = {1295-1366},
    year = {2017},
    month = {09},
}

@article{10.1214/18-AOS1778,
author = {Victor Veitch and Daniel M. Roy},
title = {{Sampling and estimation for (sparse) exchangeable graphs}},
volume = {47},
journal = {The Annals of Statistics},
number = {6},
publisher = {Institute of Mathematical Statistics},
pages = {3274 -- 3299},
year = {2019},
fdoi = {10.1214/18-AOS1778},
fURL = {https://doi.org/10.1214/18-AOS1778}
}
@ARTICLE{6847223,
  author={Orbanz, Peter and Roy, Daniel M.},
  journal={IEEE Transactions on Pattern Analysis and Machine Intelligence}, 
  title={Bayesian Models of Graphs, Arrays and Other Exchangeable Random Structures}, 
  year={2015},
  volume={37},
  number={2},
  pages={437-461},
  fdoi={10.1109/TPAMI.2014.2334607}
}


@Book{kallenberg-symmetries,
  author = 	 {Olaf Kallenberg},
  title = 	 {Probabilistic Symmetries and Invariance Principles},
  publisher = 	 {Springer},
  year = 	 {2005},
  OPTkey = 	 {},
  OPTvolume = 	 {},
  OPTnumber = 	 {},
  series = 	 {Probability and Its Applications},
  OPTaddress = 	 {},
  OPTedition = 	 {},
  OPTmonth = 	 {},
  OPTnote = 	 {},
  OPTannote = 	 {}
}



@article{DBLP:journals/corr/abs-2106-16190,
  author       = {Jean Goubault{-}Larrecq and
                  Xiaodong Jia and
                  Cl{\'{e}}ment Th{\'{e}}ron},
  title        = {A Domain-Theoretic Approach to Statistical Programming Languages},
  fjournal      = {CoRR},
  fvolume       = {abs/2106.16190},
  journal = {arXiv e-print 2106.16190},
  year         = {2021},
  furl          = {https://arxiv.org/abs/2106.16190},
  feprinttype    = {arXiv},
  feprint       = {2106.16190},
  timestamp    = {Fri, 28 Oct 2022 18:08:19 +0200},
  biburl       = {https://dblp.org/rec/journals/corr/abs-2106-16190.bib},
  bibsource    = {dblp computer science bibliography, https://dblp.org}
}


@inproceedings{DBLP:conf/lics/MatacheMS22,
  author       = {Cristina Matache and
                  Sean K. Moss and
                  Sam Staton},
  editor       = {Christel Baier and
                  Dana Fisman},
  title        = {Concrete categories and higher-order recursion: With applications
                  including probability, differentiability, and full abstraction},
  booktitle    = {{LICS} '22: 37th Annual {ACM/IEEE} Symposium on Logic in Computer
                  Science, Haifa, Israel, August 2 - 5, 2022},
  pages        = {57:1--57:14},
  publisher    = {{ACM}},
  year         = {2022},
  furl          = {https://doi.org/10.1145/3531130.3533370},
  fdoi          = {10.1145/3531130.3533370},
  timestamp    = {Tue, 09 Aug 2022 12:40:57 +0200},
  biburl       = {https://dblp.org/rec/conf/lics/MatacheMS22.bib},
  bibsource    = {dblp computer science bibliography, https://dblp.org}
}


@inproceedings{DBLP:conf/lics/JiaLMZ21,
  author       = {Xiaodong Jia and
                  Bert Lindenhovius and
                  Michael W. Mislove and
                  Vladimir Zamdzhiev},
  title        = {Commutative Monads for Probabilistic Programming Languages},
  booktitle    = {36th Annual {ACM/IEEE} Symposium on Logic in Computer Science, {LICS}
                  2021, Rome, Italy, June 29 - July 2, 2021},
  pages        = {1--14},
  publisher    = {{IEEE}},
  year         = {2021},
  furl          = {https://doi.org/10.1109/LICS52264.2021.9470611},
  fdoi          = {10.1109/LICS52264.2021.9470611},
  timestamp    = {Wed, 07 Dec 2022 23:12:33 +0100},
  biburl       = {https://dblp.org/rec/conf/lics/JiaLMZ21.bib},
  bibsource    = {dblp computer science bibliography, https://dblp.org}
}


@article{DBLP:journals/pacmpl/VakarKS19,
  author       = {Matthijs V{\'{a}}k{\'{a}}r and
                  Ohad Kammar and
                  Sam Staton},
  title        = {A domain theory for statistical probabilistic programming},
  journal      = {Proc. {ACM} Program. Lang.},
  volume       = {3},
  number       = {{POPL}},
  pages        = {36:1--36:29},
  year         = {2019},
  furl          = {https://doi.org/10.1145/3290349},
  fdoi          = {10.1145/3290349},
  timestamp    = {Wed, 17 Feb 2021 08:54:00 +0100},
  biburl       = {https://dblp.org/rec/journals/pacmpl/VakarKS19.bib},
  bibsource    = {dblp computer science bibliography, https://dblp.org}
}




@article{DBLP:journals/pacmpl/EhrhardPT18,
  author       = {Thomas Ehrhard and
                  Michele Pagani and
                  Christine Tasson},
  title        = {Measurable cones and stable, measurable functions: a model for probabilistic
                  higher-order programming},
  journal      = {Proc. {ACM} Program. Lang.},
  volume       = {2},
  number       = {{POPL}},
  pages        = {59:1--59:28},
  year         = {2018},
  furl          = {https://doi.org/10.1145/3158147},
  fdoi          = {10.1145/3158147},
  timestamp    = {Wed, 17 Feb 2021 08:54:13 +0100},
  biburl       = {https://dblp.org/rec/journals/pacmpl/EhrhardPT18.bib},
  bibsource    = {dblp computer science bibliography, https://dblp.org}
}


@Book{lp-adamek-rosicky,
  author = 	 {J Ad\'amek and J Rosick\'y},
  title = 	 {Locally presentable and accessible categories},
  publisher = 	 {Cambridge University Press},
  year = 	 {1994},
  OPTkey = 	 {},
  OPTvolume = 	 {},
  OPTnumber = 	 {},
  OPTseries = 	 {},
  OPTaddress = 	 {},
  OPTedition = 	 {},
  OPTmonth = 	 {},
  OPTnote = 	 {},
  OPTannote = 	 {}
}

@PhdThesis{kammar,
  author = 	 {Ohad Kammar},
  title = 	 {An algebraic theory of type-and-effect systems},
  school = 	 {University of Edinburgh},
  year = 	 {2014},
  OPTkey = 	 {},
  OPTtype = 	 {},
  OPTaddress = 	 {},
  OPTmonth = 	 {},
  OPTnote = 	 {},
  OPTannote = 	 {}
}

@Inproceedings{EPTCS95.12,
  author    = {Jacobs, Bart and Mandemaker, Jorik},
  year      = {2012},
  title     = {The Expectation Monad in Quantum Foundations},
  booktitle = {{\rm Proceedings 8th International Workshop on}
               Quantum Physics and Logic},
  series    = {Electronic Proceedings in Theoretical Computer Science},
  volume    = {95},
  publisher = {Open Publishing Association},
  pages     = {143-182},
  fdoi       = {10.4204/EPTCS.95.12},
}
