
@article{belkin2003laplacian,
  title={Laplacian eigenmaps for dimensionality reduction and data representation},
  author={Belkin, Mikhail and Niyogi, Partha},
  journal={Neural computation},
  volume={15},
  number={6},
  pages={1373--1396},
  year={2003},
  publisher={MIT Press}
}

@article{spivakmetric,
  title={Metric Realization of Fuzzy Simplicial Sets},
  author={Spivak, David I},
  journal={Self published notes},
  url={http://math.mit.edu/~dspivak/files/metric_realization.pdf},
  year={2012}
}

@book{goerss2009simplicial,
  title={Simplicial homotopy theory},
  author={Goerss, Paul G and Jardine, John F},
  year={2009},
  publisher={Springer Science \& Business Media}
}

@article{friedman2012survey,
  title={Survey article: an elementary illustrated introduction to simplicial sets},
  author={Friedman, Greg and others},
  journal={Rocky Mountain Journal of Mathematics},
  volume={42},
  number={2},
  pages={353--423},
  year={2012},
  publisher={Rocky Mountain Mathematics Consortium}
}

@misc{UCI ,
  author = "M. Lichman",
  year = "2013",
  title = "{UCI} Machine Learning Repository",
  url = "http://archive.ics.uci.edu/ml",
  institution = "University of California, Irvine, School of Information and Computer Sciences" } 

@article{mnistlecun,
    author = {Lecun, Yann and Cortes, Corinna},
    keywords = {ai, mnist, recognition},
    posted-at = {2009-03-20 17:02:13},
    priority = {2},
    title = {{The MNIST database of handwritten digits}},
    url = {http://yann.lecun.com/exdb/mnist/}
}

@TECHREPORT{COIL20,
    author = {Sameer A. Nene and Shree K. Nayar and Hiroshi Murase},
    title = {Columbia Object Image Library (COIL-20},
    institution = {},
    year = {1996}
}

@article{xiao2017,
  author    = {Han Xiao and Kashif Rasul and Roland Vollgraf},
  title     = {Fashion-MNIST: a Novel Image Dataset for Benchmarking Machine Learning Algorithms},
  journal   = {CoRR},
  volume    = {abs/1708.07747},
  year      = {2017},
  url       = {http://arxiv.org/abs/1708.07747},
  archivePrefix = {arXiv},
  eprint    = {1708.07747},
  timestamp = {Mon, 13 Aug 2018 16:47:27 +0200},
  biburl    = {https://dblp.org/rec/journals/corr/abs-1708-07747.bib},
  bibsource = {dblp computer science bibliography, https://dblp.org}
}

online{xiao2017/online,
  author       = {Han Xiao and Kashif Rasul and Roland Vollgraf},
  title        = {Fashion-MNIST: a Novel Image Dataset for Benchmarking Machine Learning Algorithms},
  date         = {2017-08-28},
  year         = {2017},
  eprintclass  = {cs.LG},
  eprinttype   = {arXiv},
  eprint       = {cs.LG/1708.07747},
}

@TECHREPORT{COIL100,
    author = {Sameer A. Nene and Shree K. Nayar and Hiroshi Murase},
    title = {object image library (COIL-100},
    institution = {},
    year = {1996}
}

@inproceedings{mikolov2013distributed,
  title={Distributed representations of words and phrases and their compositionality},
  author={Mikolov, Tomas and Sutskever, Ilya and Chen, Kai and Corrado, Greg S and Dean, Jeff},
  booktitle={Advances in neural information processing systems},
  pages={3111--3119},
  year={2013}
}

@inproceedings{DongNearestNeighbour,
 author = {Dong, Wei and Moses, Charikar and Li, Kai},
 title = {Efficient K-nearest Neighbor Graph Construction for Generic Similarity Measures},
 booktitle = {Proceedings of the 20th International Conference on World Wide Web},
 series = {WWW '11},
 year = {2011},
 isbn = {978-1-4503-0632-4},
 location = {Hyderabad, India},
 pages = {577--586},
 numpages = {10},
 url = {http://doi.acm.org/10.1145/1963405.1963487},
 doi = {10.1145/1963405.1963487},
 acmid = {1963487},
 publisher = {ACM},
 address = {New York, NY, USA},
 keywords = {arbitrary similarity measure, iterative method, k-nearest neighbor graph},
} 

@article{vanDerMaaten2008,
  added-at = {2015-06-19T12:07:15.000+0200},
  author = {van der Maaten, Laurens and Hinton, Geoffrey},
  biburl = {https://www.bibsonomy.org/bibtex/28b9aebb404ad4a4c6a436ea413550b30/lopusz_kdd},
  interhash = {370ba8b9e1909b61880a6f47c93bcd49},
  intrahash = {8b9aebb404ad4a4c6a436ea413550b30},
  journal = {Journal of Machine Learning Research},
  keywords = {dimensionality_reduction tSNE visualization},
  pages = {2579--2605},
  timestamp = {2015-08-19T15:19:11.000+0200},
  title = {Visualizing Data using {t-SNE} },
  url = {http://www.jmlr.org/papers/v9/vandermaaten08a.html},
  volume = 9,
  year = 2008
}

@Article{Kruskal1964,
author="Kruskal, J. B.",
title="Multidimensional scaling by optimizing goodness of fit to a nonmetric hypothesis",
journal="Psychometrika",
year="1964",
month="Mar",
day="01",
volume="29",
number="1",
pages="1--27",
abstract="Multidimensional scaling is the problem of representingn objects geometrically byn points, so that the interpoint distances correspond in some sense to experimental dissimilarities between objects. In just what sense distances and dissimilarities should correspond has been left rather vague in most approaches, thus leaving these approaches logically incomplete. Our fundamental hypothesis is that dissimilarities and distances are monotonically related. We define a quantitative, intuitively satisfying measure of goodness of fit to this hypothesis. Our technique of multidimensional scaling is to compute that configuration of points which optimizes the goodness of fit. A practical computer program for doing the calculations is described in a companion paper.",
issn="1860-0980",
doi="10.1007/BF02289565",
url="https://doi.org/10.1007/BF02289565"
}

@incollection{tenenbaumISOMAP,
title = {Mapping a Manifold of Perceptual Observations},
author = {Joshua B. Tenenbaum},
booktitle = {Advances in Neural Information Processing Systems 10},
editor = {M. I. Jordan and M. J. Kearns and S. A. Solla},
pages = {682--688},
year = {1998},
publisher = {MIT Press},
url = {http://papers.nips.cc/paper/1332-mapping-a-manifold-of-perceptual-observations.pdf}
}

@inproceedings{belkin2002laplacian,
  title={Laplacian eigenmaps and spectral techniques for embedding and clustering},
  author={Belkin, Mikhail and Niyogi, Partha},
  booktitle={Advances in neural information processing systems},
  pages={585--591},
  year={2002}
}

@article{coifman2006diffusion,
  title={Diffusion maps},
  author={Coifman, Ronald R and Lafon, St{\'e}phane},
  journal={Applied and computational harmonic analysis},
  volume={21},
  number={1},
  pages={5--30},
  year={2006},
  publisher={Elsevier}
}

@article{venna2010information,
  title={Information retrieval perspective to nonlinear dimensionality reduction for data visualization},
  author={Venna, Jarkko and Peltonen, Jaakko and Nybo, Kristian and Aidos, Helena and Kaski, Samuel},
  journal={Journal of Machine Learning Research},
  volume={11},
  number={Feb},
  pages={451--490},
  year={2010}
}

@article{lee2013type,
  title={Type 1 and 2 mixtures of Kullback--Leibler divergences as cost functions in dimensionality reduction based on similarity preservation},
  author={Lee, John A and Renard, Emilie and Bernard, Guillaume and Dupont, Pierre and Verleysen, Michel},
  journal={Neurocomputing},
  volume={112},
  pages={92--108},
  year={2013},
  publisher={Elsevier}
}

@inproceedings{tang2016visualizing,
  title={Visualizing large-scale and high-dimensional data},
  author={Tang, Jian and Liu, Jingzhou and Zhang, Ming and Mei, Qiaozhu},
  booktitle={Proceedings of the 25th International Conference on World Wide Web},
  pages={287--297},
  year={2016},
  organization={International World Wide Web Conferences Steering Committee}
}

@article{tenenbaum2000global,
  title={A global geometric framework for nonlinear dimensionality reduction},
  author={Tenenbaum, Joshua B and De Silva, Vin and Langford, John C},
  journal={science},
  volume={290},
  number={5500},
  pages={2319--2323},
  year={2000},
  publisher={American Association for the Advancement of Science}
}

@article{maaten2008visualizing,
  title={Visualizing data using t-SNE},
  author={van der Maaten, Laurens and Hinton, Geoffrey},
  journal={Journal of machine learning research},
  volume={9},
  number={Nov},
  pages={2579--2605},
  year={2008}
}

@article{van2014accelerating,
  title={Accelerating t-SNE using tree-based algorithms.},
  author={van der Maaten, Laurens},
  journal={Journal of machine learning research},
  volume={15},
  number={1},
  pages={3221--3245},
  year={2014}
}

@article{sammon1969nonlinear,
  title={A nonlinear mapping for data structure analysis},
  author={Sammon, John W},
  journal={IEEE Transactions on computers},
  volume={100},
  number={5},
  pages={401--409},
  year={1969},
  publisher={Ieee}
}

@article{kruskal1964multidimensional,
  title={Multidimensional scaling by optimizing goodness of fit to a nonmetric hypothesis},
  author={Kruskal, Joseph B},
  journal={Psychometrika},
  volume={29},
  number={1},
  pages={1--27},
  year={1964},
  publisher={Springer}
}

@article{hotelling1933analysis,
  title={Analysis of a complex of statistical variables into principal components.},
  author={Hotelling, Harold},
  journal={Journal of educational psychology},
  volume={24},
  number={6},
  pages={417},
  year={1933},
  publisher={Warwick \& York}
}

@book{may1992simplicial,
  title={Simplicial objects in algebraic topology},
  author={May, J Peter},
  volume={11},
  year={1992},
  publisher={University of Chicago Press}
}

@inproceedings{sklearn_api,
  author    = {Lars Buitinck and Gilles Louppe and Mathieu Blondel and
               Fabian Pedregosa and Andreas Mueller and Olivier Grisel and
               Vlad Niculae and Peter Prettenhofer and Alexandre Gramfort
               and Jaques Grobler and Robert Layton and Jake VanderPlas and
               Arnaud Joly and Brian Holt and Ga{\"{e}}l Varoquaux},
  title     = {{API} design for machine learning software: experiences from the scikit-learn
               project},
  booktitle = {ECML PKDD Workshop: Languages for Data Mining and Machine Learning},
  year      = {2013},
  pages = {108--122},
}

@article{carlsson2013classifying,
  title={Classifying clustering schemes},
  author={Carlsson, Gunnar and M{\'e}moli, Facundo},
  journal={Foundations of Computational Mathematics},
  volume={13},
  number={2},
  pages={221--252},
  year={2013},
  publisher={Springer}
}

@article{lee2011shift,
  title={Shift-invariant similarities circumvent distance concentration in stochastic neighbor embedding and variants},
  author={Lee, John A and Verleysen, Michel},
  journal={Procedia Computer Science},
  volume={4},
  pages={538--547},
  year={2011},
  publisher={Elsevier}
}

@article{Becht298430,
	author = {Becht, Etienne and Dutertre, Charles-Antoine and Kwok, Immanuel W.H. and Ng, Lai Guan and Ginhoux, Florent and Newell, Evan W},
	title = {Evaluation of UMAP as an alternative to t-SNE for single-cell data},
	year = {2018},
	doi = {10.1101/298430},
	publisher = {Cold Spring Harbor Laboratory},
	abstract = {Uniform Manifold Approximation and Projection (UMAP) is a recently-published non-linear dimensionality reduction technique. Another such algorithm, t-SNE, has been the default method for such task in the past years. Herein we comment on the usefulness of UMAP high-dimensional cytometry and single-cell RNA sequencing, notably highlighting faster runtime and consistency, meaningful organization of cell clusters and preservation of continuums in UMAP compared to t-SNE.},
	URL = {https://www.biorxiv.org/content/early/2018/04/10/298430},
	eprint = {https://www.biorxiv.org/content/early/2018/04/10/298430.full.pdf},
	journal = {bioRxiv}
}

@misc{Ulyanov2016,
  author = {Ulyanov, Dmitry},
  title = {Multicore-TSNE},
  year = {2016},
  publisher = {GitHub},
  journal = {GitHub repository},
  howpublished = {\url{https://github.com/DmitryUlyanov/Multicore-TSNE}},
}

@inproceedings{Lam:2015:NLP:2833157.2833162,
 author = {Lam, Siu Kwan and Pitrou, Antoine and Seibert, Stanley},
 title = {Numba: A LLVM-based Python JIT Compiler},
 booktitle = {Proceedings of the Second Workshop on the LLVM Compiler Infrastructure in HPC},
 series = {LLVM '15},
 year = {2015},
 isbn = {978-1-4503-4005-2},
 location = {Austin, Texas},
 pages = {7:1--7:6},
 articleno = {7},
 numpages = {6},
 url = {http://doi.acm.org/10.1145/2833157.2833162},
 doi = {10.1145/2833157.2833162},
 acmid = {2833162},
 publisher = {ACM},
 address = {New York, NY, USA},
 keywords = {LLVM, Python, compiler},
} 

@article{riehl2011leisurely,
  title={A leisurely introduction to simplicial sets},
  author={Riehl, Emily},
  journal={Unpublished expository article available online at http://www. math. harvard. edu/\~{} eriehl},
  year={2011}
}

@misc{LFerry2016,
  author = {Tang, Jian},
  title = {LargeVis},
  year = {2016},
  publisher = {GitHub},
  journal = {GitHub repository},
  howpublished = {\url{https://github.com/lferry007/LargeVis}},
}

@article{linderman2017efficient,
  title={Efficient Algorithms for t-distributed Stochastic Neighborhood Embedding},
  author={Linderman, George C and Rachh, Manas and Hoskins, Jeremy G and Steinerberger, Stefan and Kluger, Yuval},
  journal={arXiv preprint arXiv:1712.09005},
  year={2017}
}

@misc{FItSNE2018,
  author = {Linderman, George},
  title = {FIt-SNE},
  year = {2018},
  publisher = {GitHub},
  journal = {GitHub repository},
  howpublished = {\url{https://github.com/KlugerLab/FIt-SNE}},
}

@article{barr1986fuzzy,
  title={Fuzzy set theory and topos theory},
  author={Barr, Michael},
  journal={Canad. Math. Bull},
  volume={29},
  number={4},
  pages={501--508},
  year={1986}
}

@article{zadeh1965information,
  title={Information and control},
  author={Zadeh, Lofti A},
  journal={Fuzzy sets},
  volume={8},
  number={3},
  pages={338--353},
  year={1965}
}

@article{yang2006distance,
  title={Distance metric learning: A comprehensive survey},
  author={Yang, Liu and Jin, Rong},
  journal={Michigan State Universiy},
  volume={2},
  number={2},
  pages={4},
  year={2006}
}

@article{bellet2013survey,
  title={A survey on metric learning for feature vectors and structured data},
  author={Bellet, Aur{\'e}lien and Habrard, Amaury and Sebban, Marc},
  journal={arXiv preprint arXiv:1306.6709},
  year={2013}
}

@book{riehl2017category,
  title={Category theory in context},
  author={Riehl, Emily},
  year={2017},
  publisher={Courier Dover Publications}
}

@book{mac2013categories,
  title={Categories for the working mathematician},
  author={Mac Lane, Saunders},
  volume={5},
  year={2013},
  publisher={Springer Science \& Business Media}
}

@article{spidlen2012flowrepository,
  title={FlowRepository: A resource of annotated flow cytometry datasets associated with peer-reviewed publications},
  author={Spidlen, Josef and Breuer, Karin and Rosenberg, Chad and Kotecha, Nikesh and Brinkman, Ryan R},
  journal={Cytometry Part A},
  volume={81},
  number={9},
  pages={727--731},
  year={2012},
  publisher={Wiley Online Library}
}

@article{brodie2013omip,
  title={OMIP-018: Chemokine receptor expression on human T helper cells},
  author={Brodie, Tess and Brenna, Elena and Sallusto, Federica},
  journal={Cytometry Part A},
  volume={83},
  number={6},
  pages={530--532},
  year={2013},
  publisher={Wiley Online Library}
}

@article{campbell2017molecular,
  title={A molecular census of arcuate hypothalamus and median eminence cell types},
  author={Campbell, John N and Macosko, Evan Z and Fenselau, Henning and Pers, Tune H and Lyubetskaya, Anna and Tenen, Danielle and Goldman, Melissa and Verstegen, Anne MJ and Resch, Jon M and McCarroll, Steven A and others},
  journal={Nature neuroscience},
  volume={20},
  number={3},
  pages={484},
  year={2017},
  publisher={Nature Publishing Group}
}

@article{alpaydin1998pen,
  title={Pen-based recognition of handwritten digits data set. University of California, Irvine},
  author={Alpaydin, E and Alimoglu, Fevzi},
  journal={Machine Learning Repository. Irvine: University of California},
  volume={4},
  number={2},
  year={1998}
}

@misc{williamson_2018,
  author = {Williamson, John},
  title = {What do numbers look like?},
  year = {2018},
  publisher = {Github},
  howpublished = {\url{https://johnhw.github.io/umap_primes/index.md.html}},
}

%% Materials science citations
@article{li2018manifold,
  title={Manifold Learning of Four-dimensional Scanning Transmission Electron Microscopy},
  author={Li, Xin and Dyck, Ondrej E and Oxley, Mark P and Lupini, Andrew R and McInnes, Leland and Healy, John and Jesse, Stephen and Kalinin, Sergei V},
  journal={arXiv preprint arXiv:1811.00080},
  year={2018}
}

@article{fuhrimann2018data,
  title={Data-Driven Design: Exploring new Structural Forms using Machine Learning and Graphic Statics},
  author={Fuhrimann, Lukas and Moosavi, Vahid and Ohlbrock, Patrick Ole and Dacunto, Pierluigi},
  journal={arXiv preprint arXiv:1809.08660},
  year={2018}
}

%% Machine learning citations
@article{gaujac2018gaussian,
  title={Gaussian mixture models with Wasserstein distance},
  author={Gaujac, Benoit and Feige, Ilya and Barber, David},
  journal={arXiv preprint arXiv:1806.04465},
  year={2018}
}

@article{posada2018msc,
  title={Simplicial Autoencoders},
  author={Posada, Jose Daniel Gallego},
  year={2018}
}

@article{blomqvist2018deep,
  title={Deep convolutional Gaussian processes},
  author={Blomqvist, Kenneth and Kaski, Samuel and Heinonen, Markus},
  journal={arXiv preprint arXiv:1810.03052},
  year={2018}
}

@article{escolano2018self,
  title={(Self-Attentive) Autoencoder-based Universal Language Representation for Machine Translation},
  author={Escolano, Carlos and Costa-juss{\`a}, Marta R and Fonollosa, Jos{\'e} AR},
  journal={arXiv preprint arXiv:1810.06351},
  year={2018}
}

%% Bioinfomatics citations


@article{bagger2018bloodspot,
  title={BloodSpot: a database of healthy and malignant haematopoiesis updated with purified and single cell mRNA sequencing profiles},
  author={Bagger, Frederik Otzen and Kinalis, Savvas and Rapin, Nicolas},
  journal={Nucleic Acids Research},
  year={2018}
}

@article {Oetjen416750,
	author = {Oetjen, Karolyn A and Lindblad, Katherine E and Goswami, Meghali and Gui, Gege and Dagur, Pradeep K and Lai, Catherine and Dillon, Laura W and McCoy, J Philip and Hourigan, Christopher S},
	title = {Human Bone Marrow Assessment by Single Cell RNA Sequencing, Mass Cytometry and Flow Cytometry},
	year = {2018},
	doi = {10.1101/416750},
	publisher = {Cold Spring Harbor Laboratory},
	abstract = {New techniques for single-cell analysis have led to insights into hematopoiesis and the immune system, but the ability of these techniques to cross-validate and reproducibly identify the biological variation in diverse human samples is currently unproven. We therefore performed a comprehensive assessment of human bone marrow cells using both single-cell RNA sequencing and multiparameter flow cytometry from twenty healthy adult human donors across a broad age range. These data characterize variation between healthy donors as well as age-associated changes in cell population frequencies. Direct comparison of techniques revealed discrepancy in the quantification of T lymphocyte and natural killer cell populations. Orthogonal validation of immunophenotyping using mass cytometry demonstrated good correlation with flow cytometry. Technical replicates using single-cell RNA sequencing matched robustly, while biological replicates showed variation. Given the increasing use of single-cell technologies in translational research, this resource serves as an important reference dataset and highlights opportunities for further refinement.},
	URL = {https://www.biorxiv.org/content/early/2018/09/13/416750},
	eprint = {https://www.biorxiv.org/content/early/2018/09/13/416750.full.pdf},
	journal = {bioRxiv}
}

@article{diaz2018revealing,
  title={Revealing multi-scale population structure in large cohorts},
  author={Diaz-Papkovich, Alex and Anderson-Trocme, Luke and Gravel, Simon},
  journal={bioRxiv},
  pages={423632},
  year={2018},
  publisher={Cold Spring Harbor Laboratory}
}

@article{park2018fast,
  title={Fast Batch Alignment of Single Cell Transcriptomes Unifies Multiple Mouse Cell Atlases into an Integrated Landscape},
  author={Park, Jong-Eun and Polanski, Krzysztof and Meyer, Kerstin and Teichmann, Sarah A},
  journal={bioRxiv},
  pages={397042},
  year={2018},
  publisher={Cold Spring Harbor Laboratory}
}

@article{clark2018comprehensive,
  title={Comprehensive analysis of retinal development at single cell resolution identifies NFI factors as essential for mitotic exit and specification of late-born cells},
  author={Clark, Brian and Stein-O'Brien, Genevieve and Shiau, Fion and Cannon, Gabrielle and Davis, Emily and Sherman, Thomas and Rajaii, Fatemeh and James-Esposito, Rebecca and Gronostajski, Richard and Fertig, Elana and others},
  journal={bioRxiv},
  pages={378950},
  year={2018},
  publisher={Cold Spring Harbor Laboratory}
}

@article{becht2019dimensionality,
  title={Dimensionality reduction for visualizing single-cell data using UMAP},
  author={Becht, Etienne and McInnes, Leland and Healy, John and Dutertre, Charles-Antoine and Kwok, Immanuel WH and Ng, Lai Guan and Ginhoux, Florent and Newell, Evan W},
  journal={Nature biotechnology},
  volume={37},
  number={1},
  pages={38},
  year={2019},
  publisher={Nature Publishing Group}
}

@article{cao2019single,
  title={The single-cell transcriptional landscape of mammalian organogenesis},
  author={Cao, Junyue and Spielmann, Malte and Qiu, Xiaojie and Huang, Xingfan and Ibrahim, Daniel M and Hill, Andrew J and Zhang, Fan and Mundlos, Stefan and Christiansen, Lena and Steemers, Frank J and others},
  journal={Nature},
  pages={1},
  year={2019},
  publisher={Nature Publishing Group}
}

@article{wu2019comparison,
  title={Comparison Between UMAP and t-SNE for Multiplex-Immunofluorescence Derived Single-Cell Data from Tissue Sections},
  author={Wu, Duoduo and Yeong, Joe and Tan, Grace and Chevrier, Marion and Loh, Josh and Lim, Tony and Chen, Jinmiao},
  journal={bioRxiv},
  pages={549659},
  year={2019},
  publisher={Cold Spring Harbor Laboratory}
}

@article{li2019manifold,
  title={Manifold learning of four-dimensional scanning transmission electron microscopy},
  author={Li, Xin and Dyck, Ondrej E and Oxley, Mark P and Lupini, Andrew R and McInnes, Leland and Healy, John and Jesse, Stephen and Kalinin, Sergei V},
  journal={npj Computational Materials},
  volume={5},
  number={1},
  pages={5},
  year={2019},
  publisher={Nature Publishing Group}
}

@article{carter2019activation,
  author = {Carter, Shan and Armstrong, Zan and Schubert, Ludwig and Johnson, Ian and Olah, Chris},
  title = {Activation Atlas},
  journal = {Distill},
  year = {2019},
  note = {https://distill.pub/2019/activation-atlas},
  doi = {10.23915/distill.00015}
}

@article{espadotovisual,
  title={Visual Analytics of Multidimensional Projections for Constructing Classifier Decision Boundary Maps},
  author={Espadoto, Mateus and Rodrigues, Francisco Caio M and Telea, Alexandru C}
}

@article{espadoto2019deep,
  title={Deep Learning Multidimensional Projections},
  author={Espadoto, Mateus and Hirata, Nina ST and Telea, Alexandru C},
  journal={arXiv preprint arXiv:1902.07958},
  year={2019}
}

@article{hein2007graph,
  title={Graph Laplacians and their convergence on random neighborhood graphs},
  author={Hein, Matthias and Audibert, Jean-Yves and Luxburg, Ulrike von},
  journal={Journal of Machine Learning Research},
  volume={8},
  number={Jun},
  pages={1325--1368},
  year={2007}
}
@article{linderman2019clustering,
  title={Clustering with t-SNE, provably},
  author={Linderman, George C and Steinerberger, Stefan},
  journal={SIAM Journal on Mathematics of Data Science},
  volume={1},
  number={2},
  pages={313--332},
  year={2019},
  publisher={SIAM}
}

@article{kobak2019art,
  title={The art of using t-SNE for single-cell transcriptomics},
  author={Kobak, Dmitry and Berens, Philipp},
  journal={Nature communications},
  volume={10},
  number={1},
  pages={1--14},
  year={2019},
  publisher={Nature Publishing Group UK}
}

@article{kobak2019umap,
  title={UMAP does not preserve global structure any better than t-SNE when using the same initialization},
  author={Kobak, Dmitry and Linderman, George C},
  journal={bioRxiv},
  year={2019},
  publisher={Cold Spring Harbor Laboratory}
}

@article{moon2019visualizing,
  title={Visualizing structure and transitions in high-dimensional biological data},
  author={Moon, Kevin R and van Dijk, David and Wang, Zheng and Gigante, Scott and Burkhardt, Daniel B and Chen, William S and Yim, Kristina and van den Elzen, Antonia and Hirn, Matthew J and Coifman, Ronald R and others},
  journal={Nature biotechnology},
  volume={37},
  number={12},
  pages={1482--1492},
  year={2019},
  publisher={Nature Publishing Group}
}