@article{Asprino-L-2023,
author={Luigi Asprino and Enrico Daga and Aldo Gangemi and Paul Mulholland},
doi={10.1145/3555312},
issn={1533-5399},
journal={ACM Trans\null. Internet Technol\null.},
month={February},
number={1},
numpages={31},
publisher={ACM},
title={Knowledge Graph Construction with a Façade: A Unified Method to Access Heterogeneous Data Sources on the Web},
volume={23},
year={2023},
}

@article{Calvanese-D-2007,
author={Diego Calvanese and Giuseppe De Giacomo and Domenico Lembo and Maurizio Lenzerini and Riccardo Rosati},
doi={10.1007/s10817-007-9078-x},
issn={1573-0670},
journal={J\null. Automat\null. Reason\null.},
number={3},
pages={385--429},
publisher={Springer},
title={Tractable Reasoning and Efficient Query Answering in Description Logics: The {DL-Lite} Family},
volume={39},
year={2007},
}

@inproceedings{Cheng-S-2024,
author={Sijin Cheng and Sebastián Ferrada and Olaf Hartig},
booktitle={Cooperative Information Systems},
doi={10.1007/978-3-031-46846-9_2},
editor={Mohamed Sellami and Maria-Esther Vidal and Boudewijn van Dongen and Walid Gaaloul and Hervé Panetto},
isbn={978-3-031-46846-9},
pages={21--40},
publisher={Springer},
title={Considering Vocabulary Mappings in Query Plans for Federations of {RDF} Data Sources},
year={2024},
}

@inproceedings{Correndo-G-2010,
author={Gianluca Correndo and Manuel Salvadores and Ian Millard and Hugh Glaser and Nigel Shadbolt},
booktitle={Proc\null. 2010 EDBT/ICDT Workshops},
doi={10.1145/1754239.1754244},
location={Lausanne, Switzerland},
numpages={11},
publisher={ACM},
series={EDBT '10},
title={{SPARQL} Query Rewriting for Implementing Data Integration over Linked Data},
year={2010},
}

@techreport{Cyganiak-R-2012,
author={Souripriya Das and Seema Sundara and Richard Cyganiak},
institution={W3C},
note={\url{https://www.w3.org/TR/r2rml/}},
title={{R2RML}: {RDB} to {RDF} Mapping Language},
type={{W3C} Recommendation},
year={2012},
}

@inproceedings{Diefenbach-D-2021,
author={Dennis Diefenbach and Max De Wilde and Samantha Alipio},
booktitle={The Semantic Web -- ISWC 2021},
doi={10.1007/978-3-030-88361-4_37},
editor={Andreas Hotho and Eva Blomqvist and Stefan Dietze and Achille Fokoue and Ying Ding and Payam Barnaghi and Armin Haller and Mauro Dragoni and Harith Alani},
isbn={978-3-030-88361-4},
pages={631--647},
publisher={Springer},
title={{Wikibase} as an Infrastructure for Knowledge Graphs: The {EU} Knowledge Graph},
year={2021},
}

@article{Erling-O-2012,
author={O.~Erling},
journal={IEEE Data Eng\null. Bull\null.},
number={1},
pages={3--8},
title={{Virtuoso}, a Hybrid {RDBMS}/Graph Column Store},
volume={35},
year={2012},
}

@article{Fu-G-2015,
author={Gang Fu and Colin Batchelor and Michel Dumontier and Janna Hastings and Egon Willighagen and Evan Bolton},
doi={10.1186/s13321-015-0084-4},
journal={J\null. Cheminform\null.},
number={34},
publisher={Springer},
title={{PubChemRDF}: Towards the Semantic Annotation of {PubChem} Compound and Substance Databases},
volume={7}
year={2015},
}

@inproceedings{Gayo-J-E-L-2022,
author={Jose Emilio Labra Gayo},
booktitle={Proc. 3rd Wikidata Workshop 2022, co-located with 21st Int. Semantic Web Conference (ISWC~2022)},
editor={Lucie-Aimée Kaffee and Simon Razniewski and Gabriel Amaral and Kholoud Saad Alghamdi},
publisher={CEUR-WS.org},
title={{WShEx}: A Language to Describe and Validate {Wikibase} entities},
year={2022},
}

@inproceedings{Gu-Z-2022,
address={New York},
author={Zhenzhen Gu and Davide Lanti and Alessandro Mosca and Guohui Xiao and Jing Xiong and Diego Calvanese},
booktitle={Proc\null. 11th Int\null. Joint Conf\null. Knowledge Graphs},
doi={10.1145/3579051.3579070},
location={Hangzhou, China},
numpages={10},
pages={10--19},
publisher={ACM},
series={IJCKG '22},
title={Ontology-Based Data Federation},
year={2023},
}

@misc{IBM-CIRCA,
author={{IBM CIRCA Team}},
note={Last accessed \today.},
title={{CIRCA}: Where Discovery Begins},
url={https://circa.res.ibm.com/},
}

@misc{KIF,
author={{KIF Team}},
title={{KIF}: A Knowledge Integration Framework Based on {Wikidata}},
note={Last accessed \today.},
url={https://ibm.github.io/kif/},
}

@article{Kim-S-2023,
author={Sunghwan Kim and Jie Chen and Tiejun Cheng and Asta Gindulyte and Jia He and Siqian He and Qingliang Li and Benjamin A Shoemaker and Paul A Thiessen and Bo Yu and Leonid Zaslavsky and Jian Zhang and Evan E Bolton},
doi={10.1093/nar/gkac956},
issn={0305-1048},
journal={Nucleic Acids Res\null.},
month={October},
number={D1},
pages={D1373--D1380},
publisher={Oxford University Press},
title={{PubChem 2023 update}},
volume={51},
year={2023},
}

@inproceedings{Lefrancois-M-2017,
author={Maxime Lefrançois and Antoine Zimmermann and Noorani Bakerally},
booktitle={ESWC 2017: The Semantic Web},
doi={10.1007/978-3-319-58068-5_3},
editor={Eva Blomqvist and Diana Maynard and Aldo Gangemi and Rinke Hoekstra and Pascal Hitzler and Olaf Hartig},
isbn={978-3-319-58068-5},
pages={35--50},
publisher={Springer},
title={A {SPARQL} Extension for Generating {RDF} from Heterogeneous Formats},
year={2017},
}

@inproceedings{Makris-K-2012,
author={Konstantinos Makris and Nikos Bikakis and Nektarios Gioldasis and Stavros Christodoulakis},
booktitle={Proc\null. 15th Int\null. Conf\null. Extending Database Technology},
doi={10.1145/2247596.2247678},
location={Berlin, Germany},
numpages={4},
pages={610--613},
publisher={ACM},
series={EDBT '12},
title={{SPARQL-RW}: Transparent Query Access over Mapped {RDF} Data Sources},
year={2012},
}

@inproceedings{Mami-M-N-2019,
author={Mohamed Nadjib Mami and Damien Graux and Simonand Jabeen Scerri and Sören Auer and Jens Lehmann},
booktitle={The Semantic Web -- ISWC 2019},
doi={10.1007/978-3-030-30796-7_15},
isbn={978-3-030-30796-7},
pages={229--245},
publisher={Springer},
title={{Squerall}: Virtual Ontology-Based Access to Heterogeneous and Large Data Sources},
year={2019},
}

@misc{NumPy,
author={{NumPy Team}},
note={Last accessed \today.},
title={{NumPy}: The Fundamental Package for Scientific Computing with {Python}},
url={https://numpy.org/},
}

@book{Odell-J-2022,
address={Indianapolis},
author={Jere Odell and Mairelys Lemus-Rojas and Lucille Brys},
doi={10.7912/9Z4E-9M13},
publisher={IUPUI University Library},
title={{Wikidata} for Scholarly Communication Librarianship},
year={2022},
}

@article{Osman-I-2021,
author={Inès Osman and Sadok {Ben Yahia} and Gayo Diallo},
doi={10.1016/j.inffus.2021.01.007},
issn={1566-2535},
journal={Inf\null. Fusion},
pages={38--63},
publisher={Elsevier},
title={Ontology Integration: Approaches and Challenging Issues},
volume={71},
year={2021},
}

@misc{RDFLib,
author={{RDFLib Team}},
note={Last accessed \today.},
title={{RDFLib}: {RDFLib} is a pure {Python} package for working with {RDF}},
url={https://rdflib.dev/},
}

@inproceedings{Verborgh-R-2014,
author={Ruben Verborgh and Miel Vander Sande and Pieter Colpaert and Sam Coppens and Erik Mannens and Rik Van de Walle},
booktitle={Proc\null. Workshop on Linked Data on the Web co-located with 23rd Int\null. World Wide Web Conf\null. (WWW 2014), Seoul, Korea, April 8, 2014},
publisher={CEUR-WS.org},
title={Web-Scale Querying through Linked Data Fragments},
year={2014},
}

@article{Verborgh-R-2016,
author={Ruben Verborgh and Miel {Vander Sande} and Olaf Hartig and Joachim {Van Herwegen} and Laurens {De Vocht} and Ben {De Meester} and Gerald Haesendonck and Pieter Colpaert},
doi={10.1016/j.websem.2016.03.003},
issn={1570-8268},
journal={J\null. Web Semant\null.},
pages={184--206},
publisher={Elsevier},
title={Triple Pattern Fragments: A Low-Cost Knowledge Graph Interface for the {Web}},
volume={37-38},
year={2016},
}

@article{Vrandecic-D-2014,
author={Denny Vrandečić and Markus Krötzsch},
doi={10.1145/2629489},
journal={Commun\null. ACM},
month={September},
number={10},
numpages={8},
pages={78--85},
publisher={ACM},
publishershort={ACM},
title={Wikidata: A Free Collaborative Knowledgebase},
volume={57},
year={2014},
}

@misc{Westerinen-A-2024,
author={Andrea Westerinen},
note={Last accessed \today.},
title={Understanding {Wikidata}},
url={https://github.com/AndreaWesterinen/Wikidata-and-OWL/},
}

@misc{Wikibase-DataModel,
author={{MediaWiki Team}},
note={Last accessed \today.},
title={{Wikibase/DataModel}},
url={https://www.mediawiki.org/wiki/Wikibase/DataModel},
}

@misc{Wikibase-RDF-Dump-Format,
author={{MediaWiki Team}},
note={Last accessed \today.},
title={{Wikibase/Indexing/RDF Dump Format}},
url={https://www.mediawiki.org/wiki/Wikibase/Indexing/RDF_Dump_Format},
}

@inproceedings{Xiao-G-2018,
author={Guohui Xiao and Diego Calvanese and Roman Kontchakov and Domenico Lembo and Antonella Poggi and Riccardo Rosati and Michael Zakharyaschev},
booktitle={Proc\null. 27th Int\null. Joint Conf\null. Artificial Intelligence, {IJCAI-18}},
doi={10.24963/ijcai.2018/777},
month={July},
pages={5511--5519},
publisher={IJCAI Organization},
title={Ontology-Based Data Access: A Survey},
year={2018},
}

@inproceedings{Xiao-G-2020,
author={Guohui Xiao and Davide Lanti and Roman Kontchakov and Sarah Komla-Ebri and Elem Güzel-Kalaycı and Linfang Ding and Julien Corman and Benjamin Cogrel and Diego Calvanese and Elena Botoeva},
booktitle={The Semantic Web -- ISWC 2020},
doi={10.1007/978-3-030-62466-8_17},
editor={Jeff Z.~Pan and Valentina Tamma and Claudia d'Amato and Krzysztof Janowicz and Bo Fu and Axel Polleres and Oshani Seneviratne and Lalana Kagal},
isbn={978-3-030-62466-8},
pages={259--277},
publisher={Springer},
title={The Virtual Knowledge Graph System {Ontop}},
year={2020},
}
