@inproceedings{sdsattack,
  title={Toward effective protection against diffusion-based mimicry through score distillation},
  author={Xue, Haotian and Liang, Chumeng and Wu, Xiaoyu and Chen, Yongxin},
  booktitle={The Twelfth International Conference on Learning Representations},
  year={2023}
}

@article{diff-pgd,
  title={Diffusion-based adversarial sample generation for improved stealthiness and controllability},
  author={Xue, Haotian and Araujo, Alexandre and Hu, Bin and Chen, Yongxin},
  journal={Advances in Neural Information Processing Systems},
  volume={36},
  year={2024}
}

@inproceedings{advdm,
  title={Adversarial example does good: Preventing painting imitation from diffusion models via adversarial examples},
  author={Liang, Chumeng and Wu, Xiaoyu and Hua, Yang and Zhang, Jiaru and Xue, Yiming and Song, Tao and Xue, Zhengui and Ma, Ruhui and Guan, Haibing},
  booktitle={International Conference on Machine Learning},
  pages={20763--20786},
  year={2023},
  organization={PMLR}
}

@article{liang2023mist,
  title={Mist: Towards Improved Adversarial Examples for Diffusion Models},
  author={Liang, Chumeng and Wu, Xiaoyu},
  journal={arXiv preprint arXiv:2305.12683},
  year={2023}
}

@article{mist-v2,
  title={Understanding and Improving Adversarial Attacks on Latent Diffusion Model},
  author={Zheng, Boyang and Liang, Chumeng and Wu, Xiaoyu and Liu, Yan},
  journal={arXiv preprint arXiv:2310.04687},
  year={2023}
}

@article{glaze,
  title={Glaze: Protecting artists from style mimicry by text-to-image models},
  author={Shan, Shawn and Cryan, Jenna and Wenger, Emily and Zheng, Haitao and Hanocka, Rana and Zhao, Ben Y},
  journal={arXiv preprint arXiv:2302.04222},
  year={2023}
}


@article{imagen,
  title={Photorealistic text-to-image diffusion models with deep language understanding},
  author={Saharia, Chitwan and Chan, William and Saxena, Saurabh and Li, Lala and Whang, Jay and Denton, Emily L and Ghasemipour, Kamyar and Gontijo Lopes, Raphael and Karagol Ayan, Burcu and Salimans, Tim and others},
  journal={Advances in Neural Information Processing Systems},
  volume={35},
  pages={36479--36494},
  year={2022}
}


@inproceedings{ldm,
  title={High-resolution image synthesis with latent diffusion models},
  author={Rombach, Robin and Blattmann, Andreas and Lorenz, Dominik and Esser, Patrick and Ommer, Bj{\"o}rn},
  booktitle={Proceedings of the IEEE/CVF conference on computer vision and pattern recognition},
  pages={10684--10695},
  year={2022}
}

@article{song2020score,
  title={Score-based generative modeling through stochastic differential equations},
  author={Song, Yang and Sohl-Dickstein, Jascha and Kingma, Diederik P and Kumar, Abhishek and Ermon, Stefano and Poole, Ben},
  journal={arXiv preprint arXiv:2011.13456},
  year={2020}
}

@inproceedings{rahman2023make,
  title={Make-a-story: Visual memory conditioned consistent story generation},
  author={Rahman, Tanzila and Lee, Hsin-Ying and Ren, Jian and Tulyakov, Sergey and Mahajan, Shweta and Sigal, Leonid},
  booktitle={Proceedings of the IEEE/CVF Conference on Computer Vision and Pattern Recognition},
  pages={2493--2502},
  year={2023}
}


@article{textualinversion,
  title={An image is worth one word: Personalizing text-to-image generation using textual inversion},
  author={Gal, Rinon and Alaluf, Yuval and Atzmon, Yuval and Patashnik, Or and Bermano, Amit H and Chechik, Gal and Cohen-Or, Daniel},
  journal={arXiv preprint arXiv:2208.01618},
  year={2022}
}
@article{huang2023noise2music,
  title={Noise2music: Text-conditioned music generation with diffusion models},
  author={Huang, Qingqing and Park, Daniel S and Wang, Tao and Denk, Timo I and Ly, Andy and Chen, Nanxin and Zhang, Zhengdong and Zhang, Zhishuai and Yu, Jiahui and Frank, Christian and others},
  journal={arXiv preprint arXiv:2302.03917},
  year={2023}
}

@article{schuhmann2022laion,
  title={Laion-5b: An open large-scale dataset for training next generation image-text models},
  author={Schuhmann, Christoph and Beaumont, Romain and Vencu, Richard and Gordon, Cade and Wightman, Ross and Cherti, Mehdi and Coombes, Theo and Katta, Aarush and Mullis, Clayton and Wortsman, Mitchell and others},
  journal={Advances in Neural Information Processing Systems},
  volume={35},
  pages={25278--25294},
  year={2022}
}
@article{nie2022diffusion,
  title={Diffusion models for adversarial purification},
  author={Nie, Weili and Guo, Brandon and Huang, Yujia and Xiao, Chaowei and Vahdat, Arash and Anandkumar, Anima},
  journal={arXiv preprint arXiv:2205.07460},
  year={2022}
}

@article{musicdiff,
  title={Symbolic music generation with diffusion models},
  author={Mittal, Gautam and Engel, Jesse and Hawthorne, Curtis and Simon, Ian},
  journal={arXiv preprint arXiv:2103.16091},
  year={2021}
}

@inproceedings{meng2021sdedit,
  title={Sdedit: Guided image synthesis and editing with stochastic differential equations},
  author={Meng, Chenlin and He, Yutong and Song, Yang and Song, Jiaming and Wu, Jiajun and Zhu, Jun-Yan and Ermon, Stefano},
  booktitle={International Conference on Learning Representations},
  year={2021}
}



@inproceedings{pgd,
    title={Towards Deep Learning Models Resistant to Adversarial Attacks},
    author={Aleksander Madry and Aleksandar Makelov and Ludwig Schmidt and Dimitris Tsipras and Adrian Vladu},
    booktitle={International Conference on Learning Representations},
    year={2018},
}


@article{goodfellow2014fgsm,
  title={Explaining and harnessing adversarial examples},
  author={Goodfellow, Ian J and Shlens, Jonathon and Szegedy, Christian},
  journal={arXiv preprint arXiv:1412.6572},
  year={2014}
}





@article{zhao2023can,
  title={Can Protective Perturbation Safeguard Personal Data from Being Exploited by Stable Diffusion?},
  author={Zhao, Zhengyue and Duan, Jinhao and Xu, Kaidi and Wang, Chenan and Guo, Rui Zhangp Zidong Dup Qi and Hu, Xing},
  journal={arXiv preprint arXiv:2312.00084},
  year={2023}
}

@article{zhang2023robustness,
  title={On the robustness of latent diffusion models},
  author={Zhang, Jianping and Xu, Zhuoer and Cui, Shiwen and Meng, Changhua and Wu, Weibin and Lyu, Michael R},
  journal={arXiv preprint arXiv:2306.08257},
  year={2023}
}


@inproceedings{ddim,
    title={Denoising Diffusion Implicit Models},
    author={Jiaming Song and Chenlin Meng and Stefano Ermon},
    booktitle={International Conference on Learning Representations},
    year={2021},
}

@article{ddpm,
  title={Denoising diffusion probabilistic models},
  author={Ho, Jonathan and Jain, Ajay and Abbeel, Pieter},
  journal={Advances in Neural Information Processing Systems},
  volume={33},
  pages={6840--6851},
  year={2020}
}

@inproceedings{deng2009imagenet,
  title={Imagenet: A large-scale hierarchical image database},
  author={Deng, Jia and Dong, Wei and Socher, Richard and Li, Li-Jia and Li, Kai and Fei-Fei, Li},
  booktitle={2009 IEEE conference on computer vision and pattern recognition},
  pages={248--255},
  year={2009},
  organization={Ieee}
}

@article{guideddiffusion,
  title={Diffusion models beat gans on image synthesis},
  author={Dhariwal, Prafulla and Nichol, Alexander},
  journal={Advances in Neural Information Processing Systems},
  volume={34},
  pages={8780--8794},
  year={2021}
}



@article{andersen2023,
  author = {Sarah Andersen },
  title = {US District Court for the Northern District of California},
  year = {2023},
  month = {January},
}


@article{setty2023,
  author = {Riddhi Setty},
  title = {Ai art generators hit with copyright suit over artistsâ€™ images},
  year = {2023},
  month = {January},
}

@article{zhang2023text,
  title={Text-to-image diffusion model in generative ai: A survey},
  author={Zhang, Chenshuang and Zhang, Chaoning and Zhang, Mengchun and Kweon, In So},
  journal={arXiv preprint arXiv:2303.07909},
  year={2023}
}

@article{salman2023raising,
  title={Raising the cost of malicious ai-powered image editing},
  author={Salman, Hadi and Khaddaj, Alaa and Leclerc, Guillaume and Ilyas, Andrew and Madry, Aleksander},
  journal={arXiv preprint arXiv:2302.06588},
  year={2023}
}


@article{chen2024smoothattack,
  title={Exploring Adversarial Attacks against Latent Diffusion Model from the Perspective of Adversarial Transferability},
  author={Chen, Junxi and Dong, Junhao and Xie, Xiaohua},
  journal={arXiv preprint arXiv:2401.07087},
  year={2024}
}

@inproceedings{dit,
  title={Scalable diffusion models with transformers},
  author={Peebles, William and Xie, Saining},
  booktitle={Proceedings of the IEEE/CVF International Conference on Computer Vision},
  pages={4195--4205},
  year={2023}
}


@misc{deepfloyd,
  title = {{IF}},
  author = {Shonenkov, Alex and Konstantinov, Misha and Bakshandaeva, Daria and Schuhmann, Christoph and Ivanova, Ksenia and Klokova, Nadiia},
  howpublished = {\url{https://github.com/deep-floyd/IF}},
}

@article{sdxl,
  title={Sdxl: Improving latent diffusion models for high-resolution image synthesis},
  author={Podell, Dustin and English, Zion and Lacey, Kyle and Blattmann, Andreas and Dockhorn, Tim and M{\"u}ller, Jonas and Penna, Joe and Rombach, Robin},
  journal={arXiv preprint arXiv:2307.01952},
  year={2023}
}

@inproceedings{carlini2017towards,
  title={Towards evaluating the robustness of neural networks},
  author={Carlini, Nicholas and Wagner, David},
  booktitle={2017 ieee symposium on security and privacy (sp)},
  pages={39--57},
  year={2017},
  organization={Ieee}
}


@article{zhao2023recipe,
  title={A recipe for watermarking diffusion models},
  author={Zhao, Yunqing and Pang, Tianyu and Du, Chao and Yang, Xiao and Cheung, Ngai-Man and Lin, Min},
  journal={arXiv preprint arXiv:2303.10137},
  year={2023}
}

@article{peng2023protecting,
  title={Protecting the Intellectual Property of Diffusion Models by the Watermark Diffusion Process},
  author={Peng, Sen and Chen, Yufei and Wang, Cong and Jia, Xiaohua},
  journal={arXiv preprint arXiv:2306.03436},
  year={2023}
}

@article{cui2023diffusionshield,
  title={DiffusionShield: A Watermark for Copyright Protection against Generative Diffusion Models},
  author={Cui, Yingqian and Ren, Jie and Xu, Han and He, Pengfei and Liu, Hui and Sun, Lichao and Tang, Jiliang},
  journal={arXiv preprint arXiv:2306.04642},
  year={2023}
}


@article{zhang2023forget,
  title={Forget-me-not: Learning to forget in text-to-image diffusion models},
  author={Zhang, Eric and Wang, Kai and Xu, Xingqian and Wang, Zhangyang and Shi, Humphrey},
  journal={arXiv preprint arXiv:2303.17591},
  year={2023}
}

@article{gandikota2023unified,
  title={Unified Concept Editing in Diffusion Models},
  author={Gandikota, Rohit and Orgad, Hadas and Belinkov, Yonatan and Materzy{\'n}ska, Joanna and Bau, David},
  journal={arXiv preprint arXiv:2308.14761},
  year={2023}
}

@article{heng2023continual,
  title={Continual Learning for Forgetting in Deep Generative Models},
  author={Heng, Alvin and Soh, Harold},
  year={2023}
}

@article{kumari2023ablating,
  title={Ablating concepts in text-to-image diffusion models},
  author={Kumari, Nupur and Zhang, Bingliang and Wang, Sheng-Yu and Shechtman, Eli and Zhang, Richard and Zhu, Jun-Yan},
  journal={arXiv preprint arXiv:2303.13516},
  year={2023}
}

@article{balaji2022ediffi,
  title={ediffi: Text-to-image diffusion models with an ensemble of expert denoisers},
  author={Balaji, Yogesh and Nah, Seungjun and Huang, Xun and Vahdat, Arash and Song, Jiaming and Kreis, Karsten and Aittala, Miika and Aila, Timo and Laine, Samuli and Catanzaro, Bryan and others},
  journal={arXiv preprint arXiv:2211.01324},
  year={2022}
}

@article{pan2022story,
  title={Synthesizing Coherent Story with Auto-Regressive Latent Diffusion Models},
  author={Pan, Xichen and Qin, Pengda and Li, Yuhong and Xue, Hui and Chen, Wenhu},
  journal={arXiv preprint arXiv:2211.10950},
  year={2022}
}

@article{lin2022magic3d,
  title={Magic3D: High-Resolution Text-to-3D Content Creation},
  author={Lin, Chen-Hsuan and Gao, Jun and Tang, Luming and Takikawa, Towaki and Zeng, Xiaohui and Huang, Xun and Kreis, Karsten and Fidler, Sanja and Liu, Ming-Yu and Lin, Tsung-Yi},
  journal={arXiv preprint arXiv:2211.10440},
  year={2022}
}

@inproceedings{poole2022dreamfusion,
    title={DreamFusion: Text-to-3D using 2D Diffusion},
    author={Ben Poole and Ajay Jain and Jonathan T. Barron and Ben Mildenhall},
    booktitle={The Eleventh International Conference on Learning Representations },
    year={2023},
}

@article{vdm,
  title={Video diffusion models},
  author={Ho, Jonathan and Salimans, Tim and Gritsenko, Alexey and Chan, William and Norouzi, Mohammad and Fleet, David J},
  journal={Advances in Neural Information Processing Systems},
  volume={35},
  pages={8633--8646},
  year={2022}
}

@article{makeavideo,
  title={Make-a-video: Text-to-video generation without text-video data},
  author={Singer, Uriel and Polyak, Adam and Hayes, Thomas and Yin, Xi and An, Jie and Zhang, Songyang and Hu, Qiyuan and Yang, Harry and Ashual, Oron and Gafni, Oran and others},
  journal={arXiv preprint arXiv:2209.14792},
  year={2022}
}

@article{lora,
  title={Lora: Low-rank adaptation of large language models},
  author={Hu, Edward J and Shen, Yelong and Wallis, Phillip and Allen-Zhu, Zeyuan and Li, Yuanzhi and Wang, Shean and Wang, Lu and Chen, Weizhu},
  journal={arXiv preprint arXiv:2106.09685},
  year={2021}
}

@article{ssim,
  title={Image quality assessment: from error visibility to structural similarity},
  author={Wang, Zhou and Bovik, Alan C and Sheikh, Hamid R and Simoncelli, Eero P},
  journal={IEEE transactions on image processing},
  volume={13},
  number={4},
  pages={600--612},
  year={2004},
  publisher={IEEE}
}

@inproceedings{lpips,
  title={The unreasonable effectiveness of deep features as a perceptual metric},
  author={Zhang, Richard and Isola, Phillip and Efros, Alexei A and Shechtman, Eli and Wang, Oliver},
  booktitle={Proceedings of the IEEE conference on computer vision and pattern recognition},
  pages={586--595},
  year={2018}
}

@article{ahn2024imperceptible,
  title={Imperceptible Protection against Style Imitation from Diffusion Models},
  author={Ahn, Namhyuk and Ahn, Wonhyuk and Yoo, KiYoon and Kim, Daesik and Nam, Seung-Hun},
  journal={arXiv preprint arXiv:2403.19254},
  year={2024}
}

@article{metacloak,
  title={Toward Robust Imperceptible Perturbation against Unauthorized Text-to-image Diffusion-based Synthesis},
  author={Liu, Yixin and Fan, Chenrui and Dai, Yutong and Chen, Xun and Zhou, Pan and Sun, Lichao},
  journal={arXiv preprint arXiv:2311.13127},
  volume={3},
  year={2023}
}

@article{sandoval2023jpeg,
  title={JPEG Compressed Images Can Bypass Protections Against AI Editing},
  author={Sandoval-Segura, Pedro and Geiping, Jonas and Goldstein, Tom},
  journal={arXiv preprint arXiv:2304.02234},
  year={2023}
}


@article{fid,
  title={Gans trained by a two time-scale update rule converge to a local nash equilibrium},
  author={Heusel, Martin and Ramsauer, Hubert and Unterthiner, Thomas and Nessler, Bernhard and Hochreiter, Sepp},
  journal={Advances in neural information processing systems},
  volume={30},
  year={2017}
}

@inproceedings{la-score,
  title={Multi-concept customization of text-to-image diffusion},
  author={Kumari, Nupur and Zhang, Bingliang and Zhang, Richard and Shechtman, Eli and Zhu, Jun-Yan},
  booktitle={Proceedings of the IEEE/CVF Conference on Computer Vision and Pattern Recognition},
  pages={1931--1941},
  year={2023}
}