@inproceedings{wang2018deep,
  title={Deep parametric continuous convolutional neural networks},
  author={Wang, Shenlong and Suo, Simon and Ma, Wei-Chiu and Pokrovsky, Andrei and Urtasun, Raquel},
  booktitle={Proceedings of the IEEE Conference on Computer Vision and Pattern Recognition},
  pages={2589--2597},
  year={2018}
}

@article{azulay2018deep,
  title={Why do deep convolutional networks generalize so poorly to small image transformations?},
  author={Azulay, Aharon and Weiss, Yair},
  year={2018}
}

@inproceedings{zhang2019shiftinvar,
  title={Making Convolutional Networks Shift-Invariant Again},
  author={Zhang, Richard},
  booktitle={ICML},
  year={2019}
}

@inproceedings{SRCNN,
author = {Chao Dong, Chen Change Loy, Kaiming He, Xiaoou Tang},
year = {2014},
title = {Learning a Deep Convolutional Network for Image Super-Resolution},
booktitle = {European Conference on Computer Vision (ECCV)}
}

@InProceedings{VDSR,
author = {Kim, Jiwon and Kwon Lee, Jung and Mu Lee, Kyoung},
year = {2016},
month = {06},
pages = {1646-1654},
booktitle = {The IEEE Conference on Computer Vision and Pattern Recognition (CVPR) Workshops},
title = {Accurate Image Super-Resolution Using Very Deep Convolutional Networks}
}

@InProceedings{EDSR,
author = {Lim, Bee and Son, Sanghyun and Kim, Heewon and Nah, Seungjun and Lee, Kyoung Mu},
title = {Enhanced Deep Residual Networks for Single Image Super-Resolution},
booktitle = {The IEEE Conference on Computer Vision and Pattern Recognition (CVPR) Workshops},
month = {July},
year = {2017}
}

@article{irani1991improving,
  title={Improving resolution by image registration},
  author={Irani, Michal and Peleg, Shmuel},
  year={1991},
  booktitle = {Graphical Model and Image Processing}
}


@inproceedings{ZSSR,
  title={Zero-Shot Super-Resolution using Deep Internal Learning},
  author={Assaf Shocher and Nadav Cohen and Michal Irani},
  booktitle={The IEEE Conference on Computer Vision and Pattern Recognition (CVPR)},
  year={2018}
}

@article{odena2016deconvolution,
  author = {Odena, Augustus and Dumoulin, Vincent and Olah, Chris},
  title = {Deconvolution and Checkerboard Artifacts},
  journal = {Distill},
  year = {2016},
  url = {http://distill.pub/2016/deconv-checkerboard},
  doi = {10.23915/distill.00003}
}

@book{MATLAB:2010,
year = {2010},
author = {MATLAB},
title = {version 7.10.0 (R2010a)},
publisher = {The MathWorks Inc.},
address = {Natick, Massachusetts}
}

@inproceedings{jia2016dynamic,
  title={Dynamic filter networks},
  author={Jia, Xu and De Brabandere, Bert and Tuytelaars, Tinne and Gool, Luc V},
  booktitle={Advances in Neural Information Processing Systems},
  pages={667--675},
  year={2016}
}

@article{keys1981cubic,
  title={Cubic convolution interpolation for digital image processing},
  author={Keys, Robert},
  journal={IEEE transactions on acoustics, speech, and signal processing},
  volume={29},
  number={6},
  pages={1153--1160},
  year={1981},
  publisher={Ieee}
}

@article{srcnn,
  title={Image super-resolution using deep convolutional networks},
  author={Dong, Chao and Loy, Chen Change and He, Kaiming and Tang, Xiaoou},
  journal={IEEE transactions on pattern analysis and machine intelligence},
  volume={38},
  number={2},
  pages={295--307},
  year={2015},
  publisher={IEEE}
}

@article{zhang2020deep,
  title={Deep Unfolding Network for Image Super-Resolution},
  author={Zhang, Kai and Van Gool, Luc and Timofte, Radu},
  journal={arXiv preprint arXiv:2003.10428},
  year={2020}
}


@article{CIFAR10,
title= {CIFAR-10 (Canadian Institute for Advanced Research)},
journal= {},
author= {Alex Krizhevsky and Vinod Nair and Geoffrey Hinton},
year= {},
url= {http://www.cs.toronto.edu/~kriz/cifar.html},
abstract= {The CIFAR-10 dataset consists of 60000 32x32 colour images in 10 classes, with 6000 images per class. There are 50000 training images and 10000 test images. 

The dataset is divided into five training batches and one test batch, each with 10000 images. The test batch contains exactly 1000 randomly-selected images from each class. The training batches contain the remaining images in random order, but some training batches may contain more images from one class than another. Between them, the training batches contain exactly 5000 images from each class. },
keywords= {Dataset},
terms= {}
}

@inproceedings{wong2018scaling,
  title={Scaling provable adversarial defenses},
  author={Wong, Eric and Schmidt, Frank and Metzen, Jan Hendrik and Kolter, J Zico},
  booktitle={Advances in Neural Information Processing Systems},
  pages={8400--8409},
  year={2018}
}

@inproceedings{atzmon2019controlling,
  title={Controlling neural level sets},
  author={Atzmon, Matan and Haim, Niv and Yariv, Lior and Israelov, Ofer and Maron, Haggai and Lipman, Yaron},
  booktitle={Advances in Neural Information Processing Systems},
  pages={2032--2041},
  year={2019}
}

@article{romano2016raisr,
  title={RAISR: Rapid and accurate image super resolution},
  author={Romano, Yaniv and Isidoro, John and Milanfar, Peyman},
  journal={IEEE Transactions on Computational Imaging},
  volume={3},
  number={1},
  pages={110--125},
  year={2016},
  publisher={IEEE}
}

@article{freedman2011image,
  title={Image and video upscaling from local self-examples},
  author={Freedman, Gilad and Fattal, Raanan},
  journal={ACM Transactions on Graphics (TOG)},
  volume={30},
  number={2},
  pages={1--11},
  year={2011},
  publisher={ACM New York, NY, USA}
}


@inproceedings{glorot2010understanding,
  title={Understanding the difficulty of training deep feedforward neural networks},
  author={Glorot, Xavier and Bengio, Yoshua},
  booktitle={Proceedings of the thirteenth international conference on artificial intelligence and statistics},
  pages={249--256},
  year={2010}
}

@inproceedings{he2015delving,
  title={Delving deep into rectifiers: Surpassing human-level performance on imagenet classification},
  author={He, Kaiming and Zhang, Xiangyu and Ren, Shaoqing and Sun, Jian},
  booktitle={Proceedings of the IEEE international conference on computer vision},
  pages={1026--1034},
  year={2015}
}

@article{paszke2017automatic,
  title={Automatic differentiation in pytorch},
  author={Paszke, Adam and Gross, Sam and Chintala, Soumith and Chanan, Gregory and Yang, Edward and DeVito, Zachary and Lin, Zeming and Desmaison, Alban and Antiga, Luca and Lerer, Adam},
  year={2017}
}


@article{kingma2014adam,
  title={Adam: A method for stochastic optimization},
  author={Kingma, Diederik P and Ba, Jimmy},
  journal={arXiv preprint arXiv:1412.6980},
  year={2014}
}

@misc{pytorch-cifar,
  author = {kuangliu},
  title = {pytorch-cifar},
  publisher = {GitHub},
  journal = {GitHub repository},
  howpublished = {\url{https://github.com/kuangliu/pytorch-cifar}},
}
