@InCollection{sep-properties-emergent,
	author       =	{O’Connor, Timothy},
	title        =	{{Emergent Properties}},
	booktitle    =	{The {Stanford} Encyclopedia of Philosophy},
	editor       =	{Edward N. Zalta},
	howpublished =	{\url{https://plato.stanford.edu/archives/win2021/entries/properties-emergent/}},
	year         =	{2021},
	edition      =	{{W}inter 2021},
	publisher    =	{Metaphysics Research Lab, Stanford University}
}

@article{Tononi2016,
  author = {Tononi, Giulio and Boly, Melanie and Massimini, Marcello and Koch, Christof},
  title = {Integrated information theory: from consciousness to its physical substrate},
  journal = {Nature Reviews Neuroscience},
  year = {2016},
  volume = {17},
  number = {7},
  pages = {450-461},
  doi = {10.1038/nrn.2016.44},
  url = {https://doi.org/10.1038/nrn.2016.44}
}

@article{Sharma2023,
  author = {Sharma, Arjun and Czégel, Daniel and Lachmann, Michael and others},
  title = {Assembly theory explains and quantifies selection and evolution},
  journal = {Nature},
  year = {2023},
  volume = {622},
  number = {},
  pages = {321-328},
  doi = {10.1038/s41586-023-06600-9},
  url = {https://doi.org/10.1038/s41586-023-06600-9}
}

@incollection{Chalmers2006-CHASAW,
	author = {David J. Chalmers},
	booktitle = {The re-emergence of emergence: the emergentist hypothesis from science to religion},
	editor = {Philip Clayton and Paul Davies},
	publisher = {Oxford University Press},
	title = {Strong and Weak Emergence},
	year = {2006}
}

@InCollection{sep-panpsychism,
	author       =	{Goff, Philip and Seager, William and Allen-Hermanson, Sean},
	title        =	{{Panpsychism}},
	booktitle    =	{The {Stanford} Encyclopedia of Philosophy},
	editor       =	{Edward N. Zalta},
	howpublished =	{\url{https://plato.stanford.edu/archives/sum2022/entries/panpsychism/}},
	year         =	{2022},
	edition      =	{{S}ummer 2022},
	publisher    =	{Metaphysics Research Lab, Stanford University}
}

@incollection{Searle2007-SEABN-2,
	author = {John Searle},
	booktitle = {The Blackwell Companion to Consciousness},
	editor = {Max Velmans and Susan Schneider},
	pages = {327--336},
	publisher = {Wiley-Blackwell},
	title = {Biological Naturalism},
	year = {2007}
}

@article{Chalmers2007,
	author = {David Chalmers},
	journal = {Journal of Consciousness Studies},
	number = {3},
	pages = {200--19},
	publisher = {Imprint Academic},
	title = {Facing Up to the Problem of Consciousness},
	volume = {2},
	year = {1995}
}

@article{Dennett1991-DENRP,
	author = {Daniel C. Dennett},
	doi = {10.2307/2027085},
	journal = {Journal of Philosophy},
	number = {1},
	pages = {27--51},
	publisher = {Journal of Philosophy Inc},
	title = {Real Patterns},
	volume = {88},
	year = {1991}
}

@article{kadanoff1966scaling,
  title={Scaling Laws for Ising Models Near \( T_c \)},
  author={Kadanoff, Leo P.},
  journal={Physics},
  volume={2},
  pages={263--272},
  year={1966}
}

@article{Bedau1997-BEDWE,
	author = {Mark A. Bedau},
	doi = {10.1111/0029-4624.31.s11.17},
	journal = {Philosophical Perspectives},
	pages = {375--399},
	title = {Weak Emergence},
	volume = {11},
	year = {1997}
}

@article{Israeli_2006,
   title={Coarse-graining of cellular automata, emergence, and the predictability of complex systems},
   volume={73},
   ISSN={1550-2376},
   url={http://dx.doi.org/10.1103/PhysRevE.73.026203},
   DOI={10.1103/physreve.73.026203},
   number={2},
   journal={Physical Review E},
   publisher={American Physical Society (APS)},
   author={Israeli, Navot and Goldenfeld, Nigel},
   year={2006},
   month=feb }

@article{PhysRevE.108.014304,
  title = {Dynamical independence: Discovering emergent macroscopic processes in complex dynamical systems},
  author = {Barnett, L. and Seth, A. K.},
  journal = {Phys. Rev. E},
  volume = {108},
  issue = {1},
  pages = {014304},
  numpages = {21},
  year = {2023},
  month = {Jul},
  publisher = {American Physical Society},
  doi = {10.1103/PhysRevE.108.014304},
  url = {https://link.aps.org/doi/10.1103/PhysRevE.108.014304}
}

@article{carroll2021consciousness,
  title={Consciousness and the Laws of Physics},
  author={Carroll, Sean M},
  journal={Journal of Consciousness Studies},
  volume={28},
  number={9-10},
  pages={16--31},
  year={2021},
  publisher={Imprint Academic}
}

@incollection{carroll2022quantum,
  title={The quantum field theory on which the everyday world supervenes},
  author={Carroll, Sean M},
  booktitle={Levels of Reality in Science and Philosophy: Re-Examining the Multi-Level Structure of Reality},
  pages={27--46},
  year={2022},
  publisher={Springer}
}

@article{izhikevich2015game,
  title={Game of life},
  author={Izhikevich, Eugene M and Conway, John H and Seth, Anil},
  journal={Scholarpedia},
  volume={10},
  number={6},
  pages={1816},
  year={2015}
}

@article{anderson1972more,
  title={More Is Different: Broken symmetry and the nature of the hierarchical structure of science.},
  author={Anderson, Philip W},
  journal={Science},
  volume={177},
  number={4047},
  pages={393--396},
  year={1972},
  publisher={American Association for the Advancement of Science}
}

@book{li2008introduction,
  title={An introduction to Kolmogorov complexity and its applications},
  author={Li, Ming and Vit{\'a}nyi, Paul and others},
  volume={3},
  year={2008},
  publisher={Springer}
}

@book{wilson2021metaphysical,
  title={Metaphysical emergence},
  author={Wilson, Jessica M},
  year={2021},
  publisher={Oxford University Press, USA}
}

@article{Kim2006-KIMECI,
	author = {Jaegwon Kim},
	doi = {10.1007/s11229-006-9025-0},
	journal = {Synthese},
	number = {3},
	pages = {547--559},
	publisher = {Springer},
	title = {Emergence: Core Ideas and Issues},
	volume = {151},
	year = {2006}
}

@article{Carroll:2020gme,
    author = "Carroll, Sean M. and Singh, Ashmeet",
    title = "{Quantum mereology: Factorizing Hilbert space into subsystems with quasiclassical dynamics}",
    eprint = "2005.12938",
    archivePrefix = "arXiv",
    primaryClass = "quant-ph",
    reportNumber = "CALT-TH-2020-023",
    doi = "10.1103/PhysRevA.103.022213",
    journal = "Phys. Rev. A",
    volume = "103",
    number = "2",
    pages = "022213",
    year = "2021"
}

@inbook{DeDeo_2018,
   title={Origin Gaps and the Eternal Sunshine of the Second-Order Pendulum},
   ISBN={9783319757261},
   ISSN={2197-6619},
   url={http://dx.doi.org/10.1007/978-3-319-75726-1_5},
   DOI={10.1007/978-3-319-75726-1_5},
   booktitle={Wandering Towards a Goal},
   publisher={Springer International Publishing},
   author={DeDeo, Simon},
   year={2018},
   pages={41–61}
}

@book{gibb2019routledge,
  title={The Routledge Handbook of Emergence},
  author={Gibb, S. and Hendry, R.F. and Lancaster, T.},
  isbn={9781317381501},
  lccn={2020693271},
  series={Routledge Handbooks in Philosophy},
  url={https://books.google.com/books?id=0Tz3DwAAQBAJ},
  year={2019},
  publisher={Taylor \& Francis}
}

@article{taylor2015explication,
  title={An explication of emergence},
  author={Taylor, Elanor},
  journal={Philosophical Studies},
  volume={172},
  pages={653--669},
  year={2015},
  publisher={Springer}
}

@article{taylor2015collapsing,
  title={Collapsing emergence},
  author={Taylor, Elanor},
  journal={The Philosophical Quarterly},
  volume={65},
  number={261},
  pages={732--753},
  year={2015},
  publisher={Oxford University Press}
}

@article{CRUTCHFIELD199411,
title = {The calculi of emergence: computation, dynamics and induction},
journal = {Physica D: Nonlinear Phenomena},
volume = {75},
number = {1},
pages = {11-54},
year = {1994},
issn = {0167-2789},
doi = {https://doi.org/10.1016/0167-2789(94)90273-9},
url = {https://www.sciencedirect.com/science/article/pii/0167278994902739},
author = {James P. Crutchfield}
}

@article{list2019levels,
  title={Levels: descriptive, explanatory, and ontological},
  author={List, Christian},
  journal={No{\^u}s},
  volume={53},
  number={4},
  pages={852--883},
  year={2019},
  publisher={Wiley Online Library}
}

@article{shalizi2003macrostate,
  title={What is a macrostate? Subjective observations and objective dynamics},
  author={Shalizi, Cosma Rohilla and Moore, Cristopher},
  journal={arXiv preprint cond-mat/0303625},
  year={2003}
}

@article{krakauer2020information,
  title={The information theory of individuality},
  author={Krakauer, David and Bertschinger, Nils and Olbrich, Eckehard and Flack, Jessica C and Ay, Nihat},
  journal={Theory in Biosciences},
  volume={139},
  pages={209--223},
  year={2020},
  publisher={Springer}
}

@article{rupe2024principles,
  title={On principles of emergent organization},
  author={Rupe, Adam and Crutchfield, James P},
  journal={Physics Reports},
  volume={1071},
  pages={1--47},
  year={2024},
  publisher={Elsevier}
}

@article{GU2009835,
title = {More really is different},
journal = {Physica D: Nonlinear Phenomena},
volume = {238},
number = {9},
pages = {835-839},
year = {2009},
issn = {0167-2789},
doi = {https://doi.org/10.1016/j.physd.2008.12.016},
url = {https://www.sciencedirect.com/science/article/pii/S0167278909000852},
author = {Mile Gu and Christian Weedbrook and Álvaro Perales and Michael A. Nielsen},
}

@article{burgess2007introduction,
  title={An introduction to effective field theory},
  author={Burgess, Cliff P},
  journal={Annu. Rev. Nucl. Part. Sci.},
  volume={57},
  number={1},
  pages={329--362},
  year={2007},
  publisher={Annual Reviews}
}

@article{jansen2006introduction,
  title={Introduction to the theory of complexity and approximation algorithms},
  author={Jansen, Thomas},
  journal={Lectures on Proof Verification and Approximation Algorithms},
  pages={5--28},
  year={2006},
  publisher={Springer}
}

@article{List2015-LISEC,
	author = {Christian List and Marcus Pivato},
	doi = {10.1215/00318108-2812670},
	journal = {Philosophical Review},
	number = {1},
	pages = {119--152},
	publisher = {Duke University Press},
	title = {Emergent Chance},
	volume = {124},
	year = {2015}
}

@article{Fletcher2021,
  author    = {Samuel C. Fletcher},
  title     = {Similarity structure and diachronic emergence},
  journal   = {Synthese},
  year      = {2021},
  volume    = {198},
  pages     = {8873--8900},
  doi       = {10.1007/s11229-020-02605-3},
}

@article{Horsman2014,
  author = {Dominic Horsman and Susan Stepney and Rob C. Wagner and Viv Kendon},
  title = {When does a physical system compute?},
  journal = {Proceedings of the Royal Society A: Mathematical, Physical and Engineering Sciences},
  volume = {470},
  number = {2169},
  pages = {20140182},
  year = {2014},
  doi = {10.1098/rspa.2014.0182},
  url = {http://doi.org/10.1098/rspa.2014.0182}
}

@incollection{Bickle2024,
  author       = {John Bickle},
  pages        = {65-76},
  title        = {Reduction},
  booktitle={The Routledge Handbook of Emergence},
  editor={Gibb, S. and Hendry, R.F. and Lancaster, T.},
  isbn={9781317381501},
  lccn={2020693271},
  year={2019},
  publisher={Taylor \& Francis}
}

@article{Taylor2015,
    author = {Taylor, Elanor},
    title = "{Collapsing Emergence}",
    journal = {The Philosophical Quarterly},
    volume = {65},
    number = {261},
    pages = {732-753},
    year = {2015},
    month = {04},
    issn = {0031-8094},
    doi = {10.1093/pq/pqv039},
    url = {https://doi.org/10.1093/pq/pqv039},
    eprint = {https://academic.oup.com/pq/article-pdf/65/261/732/5310169/pqv039.pdf},
}


