%% This BibTeX bibliography file was created using BibDesk.
%% https://bibdesk.sourceforge.io/

%% Created for MacBook Air at 2022-12-28 17:31:38 -0300 


%% Saved with string encoding Unicode (UTF-8) 

@inbook{gaffney_2010, place={Cambridge}, series={London Mathematical Society Lecture Note Series}, title={Bi-Lipschitz equivalence, integral closure and invariants}, DOI={10.1017/CBO9780511731983.010}, booktitle={Real and Complex Singularities}, publisher={Cambridge University Press}, author={Gaffney, Terence}, editor={Manoel, M. and Romero Fuster, M. C. and Wall, C. T. C.Editors}, year={2010}, pages={125–137}, collection={London Mathematical Society Lecture Note Series}}

@book{atiyah,
	address = {Philadelphia, PA},
	author = {Michael Atiyah and Ian MacDonald},
	month = jan,
	publisher = {Westview Press},
	title = {Introduction To Commutative Algebra},
	year = 1994}

@book{EGA,
	address = {Berlim},
	author = {A. Grothendieck and J. Dieudonné},
	publisher = {Springer-Verlag},
	title = {Eléments de Géométrie Algébrique},
	year = 1971}

@book{sh,
	address = {Cambridge, UK},
	author = {Irena Swanson and Craig Huneke},
	publisher = {London Mathematical Society, Lecture Note Series 336},
	title = {Integral closure of ideals, rings and modules},
	year = 2006}



@book{bbkca,
	address = {Berlin, Germany},
	author = {Bourbaki, Nicolas},
	edition = 1,
	language = {en},
	month = aug,
	publisher = {Springer},
	title = {Commutative Algebra},
	year = 1998}


@book{bourbakiaceng,
	author = {Nicolas Bourbaki},
	publisher = {Hermann},
	title = {Elements of Mathematics - Commutative Algebra},
	year = {1972}}

@book{bbka,
	address = {Berlin, Germany},
	author = {Bourbaki, Nicolas},
	edition = 1,
	language = {en},
	month = aug,
	publisher = {Springer},
	title = {Algebra {I}},
	year = 1998}





@book{zariski,
	author = {Oscar Zariski and Pierre Samuel},
	publisher = {D. Van Nostrand Company},
	title = {Commutative Algebra I},
	year = {1960}}

@book{ega1,
	author = {Alexandre Grothendieck and Jean Dieudonn{\'e}},
	publisher = {Springer},
	title = {El{\'e}ments de G{\'e}om{\'e}trie Alg{\'e}brique I},
	year = {1971}}

@book{swanson,
	address = {Cambridge, England},
	author = {Swanson, Irena and Huneke, Craig},
	month = oct,
	publisher = {Cambridge University Press},
	title = {London mathematical society lecture note series: Integral closure of ideals, rings, and modules series number 336},
	year = 2006}








@article{lipman1,
	author = {Joseph Lipman},
	journal = {American Journal of Mathematics},
	publisher = {Purdue University},
	title = {Relative {L}ipschitz-Saturation},
	url = {https://www.math.purdue.edu/~jlipman/papers-older/},
	year = {1975},
	bdsk-url-1 = {https://www.math.purdue.edu/~jlipman/papers-older/}}

@article{zariski1965,
	author = {O. Zariski},
	journal = {American Journal of Mathematics, Vol. 87, No. 2, pp. 507-536},
	publisher = {The John Hopkins University Press},
	title = {Studies in Equisingularity I Equivalent Singularities of Plane Algebroid Curves},
	url = {http://www.jstor.org/stable/2373019},
	year = {1965},
	bdsk-url-1 = {}}

@article{zariski1965-2,
	author = {O. Zariski},
	journal = {American Journal of Mathematics, Vol. 87, No. 4, pp. 972-1006},
	publisher = {The John Hopkins University Press},
	title = {Studies in Equisingularity II. Equisingularity in Codimension 1 (and Characteristic Zero)},
	url = {},
	year = {1965},
	bdsk-url-1 = {}}

@article{zariski1968,
	author = {O. Zariski},
	journal = {American Journal of Mathematics, vol. 90, No. 3, pp. 961-1023},
	publisher = {The John Hopkins University Press},
	title = {Studies in Equisingularity III: Saturation of Local Rings and Equisingularity},
	url = {},
	year = {1968},
	bdsk-url-1 = {}}

@article{zariski1971(0),
	author = {O. Zariski},
	journal = {American Journal of Mathematics, Vol. 93, No. 3, pp. 573-648},
	publisher = {},
	title = {General Theory of Saturation and of Saturated Local Rings I: Saturation of Complete Local
	Domains of Dimension One Having Arbitrary Coefficient Fields (of Characteristic Zero)},
	url = {},
	year = {1971},
	bdsk-url-1 = {}}

@article{zariski1971,
	author = {O. Zariski},
	journal = {American Journal of Mathematics, Vol. 93, No. 4, pp. 872-964},
	publisher = {},
	title = {General theory of saturation and of saturated local rings. II. Saturared local rings of dimension 1},
	url = {},
	year = {1971},
	bdsk-url-1 = {}}

@article{zariski1975,
	author = {O. Zariski},
	journal = {American Journal of Mathematics, Vol. 97, No. 2, pp. 415-502},
	publisher = {},
	title = {General Theory of Saturation and of Saturated Local Rings. III. Saturation in Arbitrary
	Dimension and, in Particular, Saturation of Algebroid Hypersurfaces},
	url = {},
	year = {1975},
	bdsk-url-1 = {}}

@article{pham,
	author = {F. Pham},
	journal = {Exposé d'un travail fait avec Bernard Teisser. Fractions lipschitziennes d'une
	algèbre analytique complexe et saturation de Zariski, Centre Math. lÉcole Polytech.,
	Paris, 649-654},
	publisher = {},
	title = {Fractions lipschitziennes et saturation de Zariski des algèbres analytiques com-
	plexes},
	url = {},
	year = {1969},
	bdsk-url-1 = {}
	pages = {649-654}}

@phdthesis{these_thiago,
	address = {S{\~a}o Carlos},
	author = {Thiago Filipe da Silva},
	month = {Maio de},
	school = {ICMC - USP},
	title = {Bi-Lipschitz invariant geometry},
	url = {https://teses.usp.br/teses/disponiveis/55/55135/tde-05022018-141238/en.php},
	year = {2018},
	bdsk-url-1 = {https://teses.usp.br/teses/disponiveis/55/55135/tde-05022018-141238/en.php}}


@article{zariskigts,
	author = {Oscar Zariski},
	journal = {American Journal of Mathematics},
	pages = {415},
	title = {General Theory of Saturation and of Saturated Local Rings. {III}. {S}aturation in Arbitrary Dimension and, in Particular, Saturation of Algebroid Hypersurfaces},
	volume = {97},
	year = {1975}}

@misc{pham-2,
	author = {Pham, Fr{\'e}d{\'e}ric and Teissier, Bernard},
	copyright = {arXiv.org perpetual, non-exclusive license},
	doi = {10.48550/ARXIV.2006.10982},
	keywords = {Algebraic Geometry (math.AG), Complex Variables (math.CV), FOS: Mathematics, FOS: Mathematics},
	publisher = {arXiv},
	title = {Lipschitz fractions of a complex analytic algebra and Zariski saturation},
	url = {https://arxiv.org/abs/2006.10982},
	year = {2020},
	bdsk-url-1 = {https://arxiv.org/abs/2006.10982},
	bdsk-url-2 = {https://doi.org/10.48550/ARXIV.2006.10982}}

@article{phamt,
  TITLE = {{Fractions Lipschitziennes d'une alg{\`e}bre analytique complexe et saturation de Zariski, par Fr{\'e}d{\'e}ric Pham et Bernard Teissier}},
  AUTHOR = {F. Pham and B. Teissier},
  URL = {https://hal.archives-ouvertes.fr/hal-00384928},
  NOTE = {42 pages. Ce travail est la base de l'expos{\'e} de Fr{\'e}d{\'e}ric Pham au Congr{\`e}s International des Math{\'e}maticiens, Nice 1970.},
  YEAR = {1969},
  MONTH = Jun,
  KEYWORDS = {Singularit{\'e}s ; Puiseux ; Lipschitz},
  PDF = {https://hal.archives-ouvertes.fr/hal-00384928/file/Saturation.pdf},
  HAL_ID = {hal-00384928},
  HAL_VERSION = {v1},
}



@misc{lipsmodulo,
	author = {Gaffney, Terence and da Silva, Thiago F.},
	copyright = {Creative Commons Zero v1.0 Universal},
	doi = {10.48550/ARXIV.2012.12239},
	keywords = {Algebraic Geometry (math.AG), FOS: Mathematics, FOS: Mathematics},
	publisher = {arXiv},
	title = {The Lipschitz Saturation of a Module},
	url = {https://arxiv.org/abs/2012.12239},
	year = {2020},
	bdsk-url-1 = {https://arxiv.org/abs/2012.12239},
	bdsk-url-2 = {https://doi.org/10.48550/ARXIV.2012.12239}}

@article{kohte,
	author = {Gottfried K\"othe},
	journal = {Mathematische Zeitschrift, 32},
	title = {Die Struktur der Ringe, deren Restklassenring nach dem Radikal vollst{\"a}ndig reduzibel ist},
	year = {1930}}

@article{gaffney1,
	author = {T. Gaffney},
	journal = {Real
	and complex singularities, 125137, London Math. Soc. Lecture Note Ser.,
	380, Cambridge Univ. Press, Cambridge},
	title = {Bi-Lipschitz equivalence, integral closure and invariants.},
	year = {2010}}

@article{gaffney2,
	author = {T. Gaffney},
	journal = {Journal of Singularities},
	title = {The genericity of the infinitesimal Lipschitz condition for hypersurfaces.},
	year = {2015}}
	
	@article{lt,
		author = {M. Jalabert and B. Teissier},
		journal = {Ann. Fac. Toulouse Math. (6), 17, no.4, 781-859},
		title = {Cl\^oture int\'egrale des id\'eaux et \'equisingularit\'e},
		year = {2008}}






@inbook{Brandenburg2016,
	abstract = {Dieses Kapitel handelt von monoidalen Kategorien. Dies sind Kategorien mit einer Zusatzstruktur, die es erlaubt, Objekte und Morphismen miteinander zu „multiplizieren``. Dabei sollte u.a. ein Assoziativgesetz bis auf Isomorphie gelten, wie wir es zum Beispiel f{\"u}r kategorielle Produkte gesehen haben (Lemma 6.2.8). Viele Kategorien besitzen eine monoidale Struktur oder sogar gleich mehrere monoidale Strukturen.},
	address = {Berlin, Heidelberg},
	author = {Brandenburg, Martin},
	booktitle = {Einf{\"u}hrung in die Kategorientheorie: Mit ausf{\"u}hrlichen Erkl{\"a}rungen und zahlreichen Beispielen},
	doi = {10.1007/978-3-662-47068-8_8},
	isbn = {978-3-662-47068-8},
	pages = {223--273},
	publisher = {Springer Berlin Heidelberg},
	title = {Monoidale Kategorien},
	url = {https://doi.org/10.1007/978-3-662-47068-8_8},
	year = {2016},
	bdsk-url-1 = {https://doi.org/10.1007/978-3-662-47068-8_8}}

@book{Ciesielski1997-wx,
	address = {Cambridge, England},
	author = {Ciesielski, Krzysztof},
	month = aug,
	publisher = {Cambridge University Press},
	title = {London mathematical society student texts: Set theory for the working mathematician series number 39},
	year = 1997}

@article{AFST_2008_6_17_4_781_0,
	address = {Toulouse},
	author = {Monique Lejeune-Jalabert and Bernard Teissier},
	doi = {10.5802/afst.1203},
	journal = {Annales de la Facult\'e des sciences de Toulouse : Math\'ematiques},
	language = {fr},
	mrnumber = {2499856},
	number = {4},
	pages = {781--859},
	publisher = {Universit\'e Paul Sabatier, Institut de Math\'ematiques},
	title = {Cl\^oture int\'egrale des id\'eaux et \'equisingularit\'e},
	url = {https://afst.centre-mersenne.org/articles/10.5802/afst.1203/},
	volume = {6e s{\'e}rie, 17},
	year = {2008},
	zbl = {1171.13005},
	bdsk-url-1 = {https://afst.centre-mersenne.org/articles/10.5802/afst.1203/},
	bdsk-url-2 = {https://doi.org/10.5802/afst.1203}}


@book{kleiman,
	address = {Cambridge, USA},
	author = {A. Altman and S. Kleiman},
	publisher = {},
	title = {A term of commutative algebra},
	year = {2021}}
