@String(PAMI = {IEEE Trans. Pattern Anal. Mach. Intell.})
@String(IJCV = {Int. J. Comput. Vis.})
@String(CVPR= {IEEE Conf. Comput. Vis. Pattern Recog.})
@String(ICCV= {Int. Conf. Comput. Vis.})
@String(ECCV= {Eur. Conf. Comput. Vis.})
@String(NIPS= {Adv. Neural Inform. Process. Syst.})
@String(ICPR = {Int. Conf. Pattern Recog.})
@String(BMVC= {Brit. Mach. Vis. Conf.})
@String(TOG= {ACM Trans. Graph.})
@String(TIP  = {IEEE Trans. Image Process.})
@String(TVCG  = {IEEE Trans. Vis. Comput. Graph.})
@String(TMM  = {IEEE Trans. Multimedia})
@String(ACMMM= {ACM Int. Conf. Multimedia})
@String(ICME = {Int. Conf. Multimedia and Expo})
@String(ICASSP=	{ICASSP})
@String(ICIP = {IEEE Int. Conf. Image Process.})
@String(ACCV  = {ACCV})
@String(ICLR = {Int. Conf. Learn. Represent.})
@String(IJCAI = {IJCAI})
@String(PR   = {Pattern Recognition})
@String(AAAI = {AAAI})
@String(CVPRW= {IEEE Conf. Comput. Vis. Pattern Recog. Worksh.})
@String(CSVT = {IEEE Trans. Circuit Syst. Video Technol.})

@String(SPL	= {IEEE Sign. Process. Letters})
@String(VR   = {Vis. Res.})
@String(JOV	 = {J. Vis.})
@String(TVC  = {The Vis. Comput.})
@String(JCST  = {J. Comput. Sci. Tech.})
@String(CGF  = {Comput. Graph. Forum})
@String(CVM = {Computational Visual Media})


@String(PAMI  = {IEEE TPAMI})
@String(IJCV  = {IJCV})
@String(CVPR  = {CVPR})
@String(ICCV  = {ICCV})
@String(ECCV  = {ECCV})
@String(NIPS  = {NeurIPS})
@String(ICPR  = {ICPR})
@String(BMVC  =	{BMVC})
@String(TOG   = {ACM TOG})
@String(TIP   = {IEEE TIP})
@String(TVCG  = {IEEE TVCG})
@String(TCSVT = {IEEE TCSVT})
@String(TMM   =	{IEEE TMM})
@String(ACMMM = {ACM MM})
@String(ICME  =	{ICME})
@String(ICASSP=	{ICASSP})
@String(ICIP  = {ICIP})
@String(ACCV  = {ACCV})
@String(ICLR  = {ICLR})
@String(IJCAI = {IJCAI})
@String(PR = {PR})
@String(AAAI = {AAAI})
@String(CVPRW= {CVPRW})
@String(CSVT = {IEEE TCSVT})

@article{chen2024od,
  title={OD-VAE: An Omni-dimensional Video Compressor for Improving Latent Video Diffusion Model},
  author={Chen, Liuhan and Li, Zongjian and Lin, Bin and Zhu, Bin and Wang, Qian and Yuan, Shenghai and Zhou, Xing and Cheng, Xinghua and Yuan, Li},
  journal={arXiv preprint arXiv:2409.01199},
  year={2024}
}

@article{wang2024omnitokenizer,
  title={OmniTokenizer: A Joint Image-Video Tokenizer for Visual Generation},
  author={Wang, Junke and Jiang, Yi and Yuan, Zehuan and Peng, Binyue and Wu, Zuxuan and Jiang, Yu-Gang},
  journal={arXiv preprint arXiv:2406.09399},
  year={2024}
}

@inproceedings{mentzer2024finite,
  title={Finite Scalar Quantization: VQ-VAE Made Simple},
  author={Mentzer, Fabian and Minnen, David and Agustsson, Eirikur and Tschannen, Michael},
  booktitle={International Conference on Learning Representations},
  year={2024}
}

@inproceedings{
yu2022vectorquantized,
title={Vector-quantized Image Modeling with Improved {VQGAN}},
author={Jiahui Yu and Xin Li and Jing Yu Koh and Han Zhang and Ruoming Pang and James Qin and Alexander Ku and Yuanzhong Xu and Jason Baldridge and Yonghui Wu},
booktitle={International Conference on Learning Representations},
year={2022}
}

@inproceedings{yu2024language,
  title={Language Model Beats Diffusion-Tokenizer is key to visual generation},
  author={Yu, Lijun and Lezama, Jose and Gundavarapu, Nitesh Bharadwaj and Versari, Luca and Sohn, Kihyuk and Minnen, David and Cheng, Yong and Gupta, Agrim and Gu, Xiuye and Hauptmann, Alexander G and others},
  booktitle={International Conference on Learning Representations},
  year={2024}
}

@inproceedings{van2017neuralvqvae,
  title={Neural discrete representation learning},
  author={Van Den Oord, Aaron and Vinyals, Oriol and others},
  booktitle={Advances in neural information processing systems},
  volume={30},
  year={2017}
}

@inproceedings{zhu2024compositional,
  title={Compositional 3D-aware Video Generation with LLM Director},
  author={Zhu, Hanxin and He, Tianyu and Tang, Anni and Guo, Junliang and Chen, Zhibo and Bian, Jiang},
  booktitle={Advances in neural information processing systems},
  year={2024}
}

@article{ho2022video,
  title={Video diffusion models},
  author={Ho, Jonathan and Salimans, Tim and Gritsenko, Alexey and Chan, William and Norouzi, Mohammad and Fleet, David J},
  journal={Advances in Neural Information Processing Systems},
  volume={35},
  pages={8633--8646},
  year={2022}
}

@inproceedings{singer2023make,
  title={Make-A-Video: Text-to-Video Generation without Text-Video Data},
  author={Singer, Uriel and Polyak, Adam and Hayes, Thomas and Yin, Xi and An, Jie and Zhang, Songyang and Hu, Qiyuan and Yang, Harry and Ashual, Oron and Gafni, Oran and others},
  booktitle={International Conference on Learning Representations},
  year={2023}
}

@article{ho2022imagen,
  title={Imagen video: High definition video generation with diffusion models},
  author={Ho, Jonathan and Chan, William and Saharia, Chitwan and Whang, Jay and Gao, Ruiqi and Gritsenko, Alexey and Kingma, Diederik P and Poole, Ben and Norouzi, Mohammad and Fleet, David J and others},
  journal={arXiv preprint arXiv:2210.02303},
  year={2022}
}

@article{yan2021videogpt,
  title={Videogpt: Video generation using vq-vae and transformers},
  author={Yan, Wilson and Zhang, Yunzhi and Abbeel, Pieter and Srinivas, Aravind},
  journal={arXiv preprint arXiv:2104.10157},
  year={2021}
}

@article{zhao2024cv,
  title={CV-VAE: A Compatible Video VAE for Latent Generative Video Models},
  author={Zhao, Sijie and Zhang, Yong and Cun, Xiaodong and Yang, Shaoshu and Niu, Muyao and Li, Xiaoyu and Hu, Wenbo and Shan, Ying},
  journal={arXiv preprint arXiv:2405.20279},
  year={2024}
}

@inproceedings{yu2023magvit,
  title={Magvit: Masked generative video transformer},
  author={Yu, Lijun and Cheng, Yong and Sohn, Kihyuk and Lezama, Jos{\'e} and Zhang, Han and Chang, Huiwen and Hauptmann, Alexander G and Yang, Ming-Hsuan and Hao, Yuan and Essa, Irfan and others},
  booktitle={Proceedings of the IEEE/CVF Conference on Computer Vision and Pattern Recognition},
  pages={10459--10469},
  year={2023}
}

@inproceedings{kondratyuk2024videopoet,
  title={VideoPoet: A Large Language Model for Zero-Shot Video Generation},
  author={Kondratyuk, Dan and Yu, Lijun and Gu, Xiuye and Lezama, Jose and Huang, Jonathan and Schindler, Grant and Hornung, Rachel and Birodkar, Vighnesh and Yan, Jimmy and Chiu, Ming-Chang and others},
  booktitle={International Conference on Machine Learning},
  year={2024}
}

@article{yang2024cogvideox,
  title={Cogvideox: Text-to-video diffusion models with an expert transformer},
  author={Yang, Zhuoyi and Teng, Jiayan and Zheng, Wendi and Ding, Ming and Huang, Shiyu and Xu, Jiazheng and Yang, Yuanming and Hong, Wenyi and Zhang, Xiaohan and Feng, Guanyu and others},
  journal={arXiv preprint arXiv:2408.06072},
  year={2024}
}

@article{li2023videochat,
  title={Videochat: Chat-centric video understanding},
  author={Li, KunChang and He, Yinan and Wang, Yi and Li, Yizhuo and Wang, Wenhai and Luo, Ping and Wang, Yali and Wang, Limin and Qiao, Yu},
  journal={arXiv preprint arXiv:2305.06355},
  year={2023}
}

@article{zhang2024video,
  title={Video instruction tuning with synthetic data},
  author={Zhang, Yuanhan and Wu, Jinming and Li, Wei and Li, Bo and Ma, Zejun and Liu, Ziwei and Li, Chunyuan},
  journal={arXiv preprint arXiv:2410.02713},
  year={2024}
}

@InProceedings{pmlr-v235-yang24z,
  title = 	 {Position: Video as the New Language for Real-World Decision Making},
  author =       {Yang, Sherry and Walker, Jacob C and Parker-Holder, Jack and Du, Yilun and Bruce, Jake and Barreto, Andre and Abbeel, Pieter and Schuurmans, Dale},
  booktitle = 	 {Proceedings of the 41st International Conference on Machine Learning},
  pages = 	 {56465--56484},
  year = 	 {2024},
  volume = 	 {235},
  series = 	 {Proceedings of Machine Learning Research},
  month = 	 {21--27 Jul},
  publisher =    {PMLR}
}

@inproceedings{yang2024learning,
  title={Learning Interactive Real-World Simulators},
  author={Yang, Sherry and Du, Yilun and Ghasemipour, Seyed Kamyar Seyed and Tompson, Jonathan and Kaelbling, Leslie Pack and Schuurmans, Dale and Abbeel, Pieter},
  booktitle={International Conference on Learning Representations},
  year={2024}
}

@article{zhang2024videoicl,
  title={Video In-context Learning},
  author={Zhang, Wentao and Guo, Junliang and He, Tianyu and Zhao, Li and Xu, Linli and Bian, Jiang},
  journal={arXiv preprint arXiv:2407.07356},
  year={2024}
}

@article{sullivan2012overview,
  title={Overview of the high efficiency video coding (HEVC) standard},
  author={Sullivan, Gary J and Ohm, Jens-Rainer and Han, Woo-Jin and Wiegand, Thomas},
  journal={IEEE Transactions on circuits and systems for video technology},
  volume={22},
  number={12},
  pages={1649--1668},
  year={2012},
  publisher={IEEE}
}

@misc{sora,
  title={Sora},
  author={OpenAI},
  howpublished={\url{https://openai.com/index/sora/}},
  year=2024
}

@article{wu2024janus,
  title={Janus: Decoupling visual encoding for unified multimodal understanding and generation},
  author={Wu, Chengyue and Chen, Xiaokang and Wu, Zhiyu and Ma, Yiyang and Liu, Xingchao and Pan, Zizheng and Liu, Wen and Xie, Zhenda and Yu, Xingkai and Ruan, Chong and others},
  journal={arXiv preprint arXiv:2410.13848},
  year={2024}
}

@inproceedings{rombach2022high,
  title={High-resolution image synthesis with latent diffusion models},
  author={Rombach, Robin and Blattmann, Andreas and Lorenz, Dominik and Esser, Patrick and Ommer, Bj{\"o}rn},
  booktitle={Proceedings of the IEEE/CVF conference on computer vision and pattern recognition},
  pages={10684--10695},
  year={2022}
}

@article{liu2024visual,
  title={Visual instruction tuning},
  author={Liu, Haotian and Li, Chunyuan and Wu, Qingyang and Lee, Yong Jae},
  journal={Advances in neural information processing systems},
  volume={36},
  year={2024}
}

@inproceedings{wang2016mcl,
  title={MCL-JCV: a JND-based H. 264/AVC video quality assessment dataset},
  author={Wang, Haiqiang and Gan, Weihao and Hu, Sudeng and Lin, Joe Yuchieh and Jin, Lina and Song, Longguang and Wang, Ping and Katsavounidis, Ioannis and Aaron, Anne and Kuo, C-C Jay},
  booktitle={2016 IEEE international conference on image processing (ICIP)},
  pages={1509--1513},
  year={2016},
  organization={IEEE}
}

@inproceedings{hore2010image,
  title={Image quality metrics: PSNR vs. SSIM},
  author={Hore, Alain and Ziou, Djemel},
  booktitle={2010 20th international conference on pattern recognition},
  pages={2366--2369},
  year={2010},
  organization={IEEE}
}

@article{wang2004image,
  title={Image quality assessment: from error visibility to structural similarity},
  author={Wang, Zhou and Bovik, Alan C and Sheikh, Hamid R and Simoncelli, Eero P},
  journal={IEEE transactions on image processing},
  volume={13},
  number={4},
  pages={600--612},
  year={2004},
  publisher={IEEE}
}

@article{paszke2019pytorch,
  title={Pytorch: An imperative style, high-performance deep learning library},
  author={Paszke, Adam and Gross, Sam and Massa, Francisco and Lerer, Adam and Bradbury, James and Chanan, Gregory and Killeen, Trevor and Lin, Zeming and Gimelshein, Natalia and Antiga, Luca and others},
  journal={Advances in neural information processing systems},
  volume={32},
  year={2019}
}

@inproceedings{kingma2014adam,
  title     = {Adam: A method for stochastic optimization},
  author    = {Kingma, Diederik P and Ba, Jimmy},
  booktitle = {International Conference on Learning Representations},
  year      = {2015}
}

@article{unterthiner2018towards,
  title={Towards accurate generative models of video: A new metric \& challenges},
  author={Unterthiner, Thomas and Van Steenkiste, Sjoerd and Kurach, Karol and Marinier, Raphael and Michalski, Marcin and Gelly, Sylvain},
  journal={arXiv preprint arXiv:1812.01717},
  year={2018}
}

@inproceedings{zhang2018unreasonable,
  title={The unreasonable effectiveness of deep features as a perceptual metric},
  author={Zhang, Richard and Isola, Phillip and Efros, Alexei A and Shechtman, Eli and Wang, Oliver},
  booktitle={Proceedings of the IEEE conference on computer vision and pattern recognition},
  pages={586--595},
  year={2018}
}

@inproceedings{bain2021frozen,
  title={Frozen in time: A joint video and image encoder for end-to-end retrieval},
  author={Bain, Max and Nagrani, Arsha and Varol, G{\"u}l and Zisserman, Andrew},
  booktitle={Proceedings of the IEEE/CVF international conference on computer vision},
  pages={1728--1738},
  year={2021}
}

@article{lei2016layer,
  title={Layer normalization},
  author={Lei Ba, Jimmy and Kiros, Jamie Ryan and Hinton, Geoffrey E},
  journal={arXiv preprint arXiv:1607.06450},
  year={2016}
}

@article{team2024chameleon,
  title={Chameleon: Mixed-modal early-fusion foundation models},
  author={Chameleon},
  journal={arXiv preprint arXiv:2405.09818},
  year={2024}
}

@inproceedings{Kingma2014,
  author = {Kingma, Diederik P. and Welling, Max},
  booktitle = {2nd International Conference on Learning Representations, {ICLR} 2014, Banff, AB, Canada, April 14-16, 2014, Conference Track Proceedings},
  eprint = {http://arxiv.org/abs/1312.6114v10},
  title = {{Auto-Encoding Variational Bayes}},
  year = 2014
}

@article{patil2024amused,
  title={amused: An open muse reproduction},
  author={Patil, Suraj and Berman, William and Rombach, Robin and von Platen, Patrick},
  journal={arXiv preprint arXiv:2401.01808},
  year={2024}
}

@article{zheng2022movq,
  title={Movq: Modulating quantized vectors for high-fidelity image generation},
  author={Zheng, Chuanxia and Vuong, Tung-Long and Cai, Jianfei and Phung, Dinh},
  journal={Advances in Neural Information Processing Systems},
  volume={35},
  pages={23412--23425},
  year={2022}
}

@article{yuan2024magictime,
  title={MagicTime: Time-lapse Video Generation Models as Metamorphic Simulators},
  author={Yuan, Shenghai and Huang, Jinfa and Shi, Yujun and Xu, Yongqi and Zhu, Ruijie and Lin, Bin and Cheng, Xinhua and Yuan, Li and Luo, Jiebo},
  journal={arXiv preprint arXiv:2404.05014},
  year={2024}
}

@article{wang2024videocomposer,
  title={Videocomposer: Compositional video synthesis with motion controllability},
  author={Wang, Xiang and Yuan, Hangjie and Zhang, Shiwei and Chen, Dayou and Wang, Jiuniu and Zhang, Yingya and Shen, Yujun and Zhao, Deli and Zhou, Jingren},
  journal={Advances in Neural Information Processing Systems},
  volume={36},
  year={2024}
}

@inproceedings{guo2023animatediff,
  title={Animatediff: Animate your personalized text-to-image diffusion models without specific tuning},
  author={Guo, Yuwei and Yang, Ceyuan and Rao, Anyi and Liang, Zhengyang and Wang, Yaohui and Qiao, Yu and Agrawala, Maneesh and Lin, Dahua and Dai, Bo},
  booktitle={International Conference on Learning Representations},
  year={2024}
}

@article{blattmann2023stable,
  title={Stable video diffusion: Scaling latent video diffusion models to large datasets},
  author={Blattmann, Andreas and Dockhorn, Tim and Kulal, Sumith and Mendelevitch, Daniel and Kilian, Maciej and Lorenz, Dominik and Levi, Yam and English, Zion and Voleti, Vikram and Letts, Adam and others},
  journal={arXiv preprint arXiv:2311.15127},
  year={2023}
}

@inproceedings{qing2024hierarchical,
  title={Hierarchical spatio-temporal decoupling for text-to-video generation},
  author={Qing, Zhiwu and Zhang, Shiwei and Wang, Jiayu and Wang, Xiang and Wei, Yujie and Zhang, Yingya and Gao, Changxin and Sang, Nong},
  booktitle={Proceedings of the IEEE/CVF Conference on Computer Vision and Pattern Recognition},
  pages={6635--6645},
  year={2024}
}

@article{ma2024latte,
  title={Latte: Latent diffusion transformer for video generation},
  author={Ma, Xin and Wang, Yaohui and Jia, Gengyun and Chen, Xinyuan and Liu, Ziwei and Li, Yuan-Fang and Chen, Cunjian and Qiao, Yu},
  journal={arXiv preprint arXiv:2401.03048},
  year={2024}
}

@misc{repolatent,
  title={latent-diffusion},
  author={CompVis},
  howpublished={\url{https://github.com/CompVis/latent-diffusion}}
}

@misc{repoopensora,
  title={Open-Sora},
  author={hpcaitech},
  howpublished={\url{https://github.com/hpcaitech/Open-Sora}}
}

@misc{repoopensoraplan,
  title={Open-Sora-Plan},
  author={PKU-YuanGroup},
  howpublished={\url{https://github.com/PKU-YuanGroup/Open-Sora-Plan}}
}

@misc{repocosmos,
  title={Cosmos-Tokenizer},
  author={NVIDIA},
  howpublished={\url{https://github.com/NVIDIA/Cosmos-Tokenizer}}
}

@misc{repomuse,
  title={open-muse},
  author={HuggingFace},
  howpublished={\url{https://github.com/huggingface/open-muse}}
}

@misc{repomagvit2,
  title={Open-MAGVIT2},
  author={TencentARC},
  howpublished={\url{https://github.com/TencentARC/Open-MAGVIT2}}
}

@article{ho2020denoising,
  title={Denoising diffusion probabilistic models},
  author={Ho, Jonathan and Jain, Ajay and Abbeel, Pieter},
  journal={Advances in neural information processing systems},
  volume={33},
  pages={6840--6851},
  year={2020}
}

@article{chen2024igor,
  title={IGOR: Image-GOal Representations are the Atomic Control Units for Foundation Models in Embodied AI},
  author={Chen, Xiaoyu and Guo, Junliang and He, Tianyu and Zhang, Chuheng and Zhang, Pushi and Yang, Derek Cathera and Zhao, Li and Bian, Jiang},
  journal={arXiv preprint arXiv:2411.00785},
  year={2024}
}

@article{bai2024uniedit,
  title={Uniedit: A unified tuning-free framework for video motion and appearance editing},
  author={Bai, Jianhong and He, Tianyu and Wang, Yuchi and Guo, Junliang and Hu, Haoji and Liu, Zuozhu and Bian, Jiang},
  journal={arXiv preprint arXiv:2402.13185},
  year={2024}
}