@String(PAMI = {IEEE Trans. Pattern Anal. Mach. Intell.})
@String(IJCV = {Int. J. Comput. Vis.})
@String(CVPR= {IEEE Conf. Comput. Vis. Pattern Recog.})
@String(ICCV= {Int. Conf. Comput. Vis.})
@String(ECCV= {Eur. Conf. Comput. Vis.})
@String(NIPS= {Adv. Neural Inform. Process. Syst.})
@String(ICPR = {Int. Conf. Pattern Recog.})
@String(BMVC= {Brit. Mach. Vis. Conf.})
@String(TOG= {ACM Trans. Graph.})
@String(TIP  = {IEEE Trans. Image Process.})
@String(TVCG  = {IEEE Trans. Vis. Comput. Graph.})
@String(TMM  = {IEEE Trans. Multimedia})
@String(ACMMM= {ACM Int. Conf. Multimedia})
@String(ICME = {Int. Conf. Multimedia and Expo})
@String(ICASSP=	{ICASSP})
@String(ICIP = {IEEE Int. Conf. Image Process.})
@String(ACCV  = {ACCV})
@String(ICLR = {Int. Conf. Learn. Represent.})
@String(IJCAI = {IJCAI})
@String(PR   = {Pattern Recognition})
@String(AAAI = {AAAI})
@String(CVPRW= {IEEE Conf. Comput. Vis. Pattern Recog. Worksh.})
@String(CSVT = {IEEE Trans. Circuit Syst. Video Technol.})
@String(SIGGRAPH = {SIGGRAPH})

@String(SPL	= {IEEE Sign. Process. Letters})
@String(VR   = {Vis. Res.})
@String(JOV	 = {J. Vis.})
@String(TVC  = {The Vis. Comput.})
@String(JCST  = {J. Comput. Sci. Tech.})
@String(CGF  = {Comput. Graph. Forum})
@String(CVM = {Computational Visual Media})

@article{dosovitskiy2020image,
  title={An image is worth 16x16 words: Transformers for image recognition at scale},
  author={Dosovitskiy, Alexey},
  journal={ICLR},
  year={2021}
}

@article{lowe2004sift,
  title={Sift-the scale invariant feature transform},
  author={Lowe, G},
  journal={Int. J},
  year={2004}
}

@article{isik2023humanrf,
  title = {HumanRF: High-Fidelity Neural Radiance Fields for Humans in Motion},
  author = {I\c{s}{\i}k, Mustafa and Rünz, Martin and Georgopoulos, Markos and Khakhulin, Taras
    and Starck, Jonathan and Agapito, Lourdes and Nießner, Matthias},
  journal = {ACM Transactions on Graphics (TOG)},
  year = {2023},
}


@article{kirschstein2023nersemble,
    author = {Kirschstein, Tobias and Qian, Shenhan and Giebenhain, Simon and Walter, Tim and Nie\ss{}ner, Matthias},
    title = {NeRSemble: Multi-View Radiance Field Reconstruction of Human Heads},
    year = {2023},
    journal = {ACM Trans. Graph.},
}

@InProceedings{Grauman_2024_CVPR,
    author    = {Grauman, Kristen and Westbury, Andrew and Torresani, Lorenzo and Kitani, Kris and Malik, Jitendra and Afouras, Triantafyllos and Ashutosh, Kumar and Baiyya, Vijay and Bansal, Siddhant and Boote, Bikram and Byrne, Eugene and Chavis, Zach and Chen, Joya and Cheng, Feng and Chu, Fu-Jen and Crane, Sean and Dasgupta, Avijit and Dong, Jing and Escobar, Maria and Forigua, Cristhian and Gebreselasie, Abrham and Haresh, Sanjay and Huang, Jing and Islam, Md Mohaiminul and Jain, Suyog and Khirodkar, Rawal and Kukreja, Devansh and Liang, Kevin J and Liu, Jia-Wei and Majumder, Sagnik and Mao, Yongsen and Martin, Miguel and Mavroudi, Effrosyni and Nagarajan, Tushar and Ragusa, Francesco and Ramakrishnan, Santhosh Kumar and Seminara, Luigi and Somayazulu, Arjun and Song, Yale and Su, Shan and Xue, Zihui and Zhang, Edward and Zhang, Jinxu and Castillo, Angela and Chen, Changan and Fu, Xinzhu and Furuta, Ryosuke and Gonzalez, Cristina and Gupta, Prince and Hu, Jiabo and Huang, Yifei and Huang, Yiming and Khoo, Weslie and Kumar, Anush and Kuo, Robert and Lakhavani, Sach and Liu, Miao and Luo, Mi and Luo, Zhengyi and Meredith, Brighid and Miller, Austin and Oguntola, Oluwatumininu and Pan, Xiaqing and Peng, Penny and Pramanick, Shraman and Ramazanova, Merey and Ryan, Fiona and Shan, Wei and Somasundaram, Kiran and Song, Chenan and Southerland, Audrey and Tateno, Masatoshi and Wang, Huiyu and Wang, Yuchen and Yagi, Takuma and Yan, Mingfei and Yang, Xitong and Yu, Zecheng and Zha, Shengxin Cindy and Zhao, Chen and Zhao, Ziwei and Zhu, Zhifan and Zhuo, Jeff and Arbelaez, Pablo and Bertasius, Gedas and Damen, Dima and Engel, Jakob and Farinella, Giovanni Maria and Furnari, Antonino and Ghanem, Bernard and Hoffman, Judy and Jawahar, C.V. and Newcombe, Richard and Park, Hyun Soo and Rehg, James M. and Sato, Yoichi and Savva, Manolis and Shi, Jianbo and Shou, Mike Zheng and Wray, Michael},
    title     = {Ego-Exo4D: Understanding Skilled Human Activity from First- and Third-Person Perspectives},
    booktitle = CVPR,
    year      = {2024},
}

@InProceedings{Joo_2015_ICCV,
author = {Joo, Hanbyul and Liu, Hao and Tan, Lei and Gui, Lin and Nabbe, Bart and Matthews, Iain and Kanade, Takeo and Nobuhara, Shohei and Sheikh, Yaser},
title = {Panoptic Studio: A Massively Multiview System for Social Motion Capture},
booktitle = ICCV,
year = {2015}
}

@article{team2023gemini,
  title={Gemini: a family of highly capable multimodal models},
  author={Team, Gemini and Anil, Rohan and Borgeaud, Sebastian and Alayrac, Jean-Baptiste and Yu, Jiahui and Soricut, Radu and Schalkwyk, Johan and Dai, Andrew M and Hauth, Anja and Millican, Katie and others},
  journal={arXiv preprint arXiv:2312.11805},
  year={2023}
}
@article{chen2017rethinking,
  title={Rethinking atrous convolution for semantic image segmentation},
  author={Chen, Liang-Chieh},
  journal={arXiv preprint arXiv:1706.05587},
  year={2017}
}
@article{zhou2019semantic,
  title={Semantic understanding of scenes through the ade20k dataset},
  author={Zhou, Bolei and Zhao, Hang and Puig, Xavier and Xiao, Tete and Fidler, Sanja and Barriuso, Adela and Torralba, Antonio},
  journal={IJCV},
  year={2019},
}
@article{luo2020consistent,
  title={Consistent video depth estimation},
  author={Luo, Xuan and Huang, Jia-Bin and Szeliski, Richard and Matzen, Kevin and Kopf, Johannes},
  journal={ACM Transactions on Graphics (ToG)},
  year={2020},
}
@article{shao2024learning,
  title={Learning Temporally Consistent Video Depth from Video Diffusion Priors},
  author={Shao, Jiahao and Yang, Yuanbo and Zhou, Hongyu and Zhang, Youmin and Shen, Yujun and Poggi, Matteo and Liao, Yiyi},
  journal={arXiv preprint arXiv:2406.01493},
  year={2024}
}
@article{hu2024depthcrafter,
  title={Depthcrafter: Generating consistent long depth sequences for open-world videos},
  author={Hu, Wenbo and Gao, Xiangjun and Li, Xiaoyu and Zhao, Sijie and Cun, Xiaodong and Zhang, Yong and Quan, Long and Shan, Ying},
  journal={arXiv preprint arXiv:2409.02095},
  year={2024}
}
@inproceedings{zhou2017scene,
title={Scene Parsing through ADE20K Dataset},
author={Zhou, Bolei and Zhao, Hang and Puig, Xavier and Fidler, Sanja and Barriuso, Adela and Torralba, Antonio},
booktitle={CVPR},
year={2017}
}
@article{polyak2024movie,
  title={Movie gen: A cast of media foundation models},
  author={Polyak, Adam and Zohar, Amit and Brown, Andrew and Tjandra, Andros and Sinha, Animesh and Lee, Ann and Vyas, Apoorv and Shi, Bowen and Ma, Chih-Yao and Chuang, Ching-Yao and others},
  journal={arXiv preprint arXiv:2410.13720},
  year={2024}
}

@article{achiam2023gpt,
  title={Gpt-4 technical report},
  author={Achiam, Josh and Adler, Steven and Agarwal, Sandhini and Ahmad, Lama and Akkaya, Ilge and Aleman, Florencia Leoni and Almeida, Diogo and Altenschmidt, Janko and Altman, Sam and Anadkat, Shyamal and others},
  journal={arXiv preprint arXiv:2303.08774},
  year={2023}
}

@article{bochkovskii2024depth,
  title={Depth pro: Sharp monocular metric depth in less than a second},
  author={Bochkovskii, Aleksei and Delaunoy, Ama{\"e}l and Germain, Hugo and Santos, Marcel and Zhou, Yichao and Richter, Stephan R and Koltun, Vladlen},
  journal={arXiv preprint arXiv:2410.02073},
  year={2024}
}


# Consistent video depth
@inproceedings{li2023temporally,
  title={Temporally consistent online depth estimation in dynamic scenes},
  author={Li, Zhaoshuo and Ye, Wei and Wang, Dilin and Creighton, Francis X and Taylor, Russell H and Venkatesh, Ganesh and Unberath, Mathias},
  booktitle=CVPR,
  year={2023}
}

@inproceedings{dosovitskiy2015flownet,
  title={Flownet: Learning optical flow with convolutional networks},
  author={Dosovitskiy, Alexey and Fischer, Philipp and Ilg, Eddy and Hausser, Philip and Hazirbas, Caner and Golkov, Vladimir and Van Der Smagt, Patrick and Cremers, Daniel and Brox, Thomas},
  booktitle=ICCV,
  year={2015}
}


@inproceedings{harley2022particle,
  title={Particle video revisited: Tracking through occlusions using point trajectories},
  author={Harley, Adam W and Fang, Zhaoyuan and Fragkiadaki, Katerina},
  booktitle=ECCV,
  year={2022},
}

@inproceedings{butler2012naturalistic,
  title={A naturalistic open source movie for optical flow evaluation},
  author={Butler, Daniel J and Wulff, Jonas and Stanley, Garrett B and Black, Michael J},
  booktitle={ECCV},
  year={2012},
}
@inproceedings{pan2023aria,
  title={Aria digital twin: A new benchmark dataset for egocentric 3d machine perception},
  author={Pan, Xiaqing and Charron, Nicholas and Yang, Yongqian and Peters, Scott and Whelan, Thomas and Kong, Chen and Parkhi, Omkar and Newcombe, Richard and Ren, Yuheng Carl},
  booktitle={ICCV},
  year={2023}
}
@inproceedings{koppula2024tapvid3d,
      title={TAPVid-3D: A Benchmark for Tracking Any Point in 3D},
      author={Skanda Koppula and Ignacio Rocco and Yi Yang and Joe Heyward and João Carreira and Andrew Zisserman and Gabriel Brostow and Carl Doersch},
      year={2024},
  booktitle={NeurIPS},
}
@article{doersch2022tap,
  title={Tap-vid: A benchmark for tracking any point in a video},
  author={Doersch, Carl and Gupta, Ankush and Markeeva, Larisa and Recasens, Adria and Smaira, Lucas and Aytar, Yusuf and Carreira, Joao and Zisserman, Andrew and Yang, Yi},
  journal={NeurIPS},
  year={2022}
}

@InProceedings{palazzolo2019iros,
author = {E. Palazzolo and J. Behley and P. Lottes and P. Gigu\`ere and C. Stachniss},
title = {{ReFusion: 3D Reconstruction in Dynamic Environments for RGB-D Cameras Exploiting Residuals}},
booktitle = {IROS},
year = {2019},
}

@inproceedings{teed2021raft3d,
  title={RAFT-3D: Scene Flow using Rigid-Motion Embeddings},
  author={Teed, Zachary and Deng, Jia},
  booktitle=CVPR,
  year={2021},
}



@InProceedings{NVDS,
    author    = {Wang, Yiran and Shi, Min and Li, Jiaqi and Huang, Zihao and Cao, Zhiguo and Zhang, Jianming and Xian, Ke and Lin, Guosheng},
    title     = {Neural Video Depth Stabilizer},
    booktitle = ICCV,
    year      = {2023},}

@misc{wang2019web,
    title={Web Stereo Video Supervision for Depth Prediction from Dynamic Scenes},
    author={Chaoyang Wang and Simon Lucey and Federico Perazzi and Oliver Wang},
    booktitle = {3DV},
    year      = {2023}
}

@inproceedings{zheng2023point,
    author = {Yang Zheng and Adam W. Harley and Bokui Shen and Gordon Wetzstein and Leonidas J. Guibas},
    title = {PointOdyssey: A Large-Scale Synthetic Dataset for Long-Term Point Tracking},
    booktitle = ICCV,
    year = {2023}
}

@inproceedings{greff2021kubric,
    title = {Kubric: a scalable dataset generator}, 
    author = {Klaus Greff and Francois Belletti and Lucas Beyer and Carl Doersch and
              Yilun Du and Daniel Duckworth and David J Fleet and Dan Gnanapragasam and
              Florian Golemo and Charles Herrmann and Thomas Kipf and Abhijit Kundu and
              Dmitry Lagun and Issam Laradji and Hsueh-Ti (Derek) Liu and Henning Meyer and
              Yishu Miao and Derek Nowrouzezahrai and Cengiz Oztireli and Etienne Pot and
              Noha Radwan and Daniel Rebain and Sara Sabour and Mehdi S. M. Sajjadi and Matan Sela and
              Vincent Sitzmann and Austin Stone and Deqing Sun and Suhani Vora and Ziyu Wang and
              Tianhao Wu and Kwang Moo Yi and Fangcheng Zhong and Andrea Tagliasacchi},
    booktitle = CVPR,
    year = {2022},
}

@inproceedings{schonberger2016structure,
  title={Structure-from-motion revisited},
  author={Schonberger, Johannes L and Frahm, Jan-Michael},
  booktitle=CVPR,
  year={2016}
}

@article{mur2015orb,
  title={ORB-SLAM: a versatile and accurate monocular SLAM system},
  author={Mur-Artal, Raul and Montiel, Jose Maria Martinez and Tardos, Juan D},
  journal={IEEE Transactions on Robotics},
  year={2015},
}

@article{pollefeys2004visual,
  title={Visual modeling with a hand-held camera},
  author={Pollefeys, Marc and Van Gool, Luc and Vergauwen, Maarten and Verbiest, Frank and Cornelis, Kurt and Tops, Jan and Koch, Reinhard},
  journal={IJCV},
  year={2004},
}


@inproceedings{schonberger2016pixelwise,
  title={Pixelwise view selection for unstructured multi-view stereo},
  author={Sch{\"o}nberger, Johannes L and Zheng, Enliang and Frahm, Jan-Michael and Pollefeys, Marc},
  booktitle={ECCV},
  year={2016},
}

@inproceedings{brachmann2023ace,
    title={Accelerated Coordinate Encoding: Learning to Relocalize in Minutes using RGB and Poses},
    author={Brachmann, Eric and Cavallari, Tommaso and Prisacariu, Victor Adrian},
    booktitle=CVPR,
    year={2023},
}

@inproceedings{lin2021barf,
  title={Barf: Bundle-adjusting neural radiance fields},
  author={Lin, Chen-Hsuan and Ma, Wei-Chiu and Torralba, Antonio and Lucey, Simon},
  booktitle=CVPR,
  year={2021}
}

@InProceedings{Fu_2024_CVPR,
    author    = {Fu, Yang and Liu, Sifei and Kulkarni, Amey and Kautz, Jan and Efros, Alexei A. and Wang, Xiaolong},
    title     = {COLMAP-Free 3D Gaussian Splatting},
    booktitle = CVPR,
    year      = {2024},
}

@inproceedings{bloesch2018codeslam,
  title={Codeslam—learning a compact, optimisable representation for dense visual slam},
  author={Bloesch, Michael and Czarnowski, Jan and Clark, Ronald and Leutenegger, Stefan and Davison, Andrew J},
  booktitle=CVPR,
  year={2018}
}

@article{teed2024deep,
  title={Deep patch visual odometry},
  author={Teed, Zachary and Lipson, Lahav and Deng, Jia},
  journal={NeurIPS},
  year={2024}
}

@inproceedings{shen2023dytanvo,
  title={DytanVO: Joint refinement of visual odometry and motion segmentation in dynamic environments},
  author={Shen, Shihao and Cai, Yilin and Wang, Wenshan and Scherer, Sebastian},
  booktitle={ICRA},
  year={2023},
}


@article{teed2021droid,
  title={Droid-slam: Deep visual slam for monocular, stereo, and rgb-d cameras},
  author={Teed, Zachary and Deng, Jia},
  journal={NeurIPS},
  year={2021}
}

@article{tang2018ba,
  title={Ba-net: Dense bundle adjustment network},
  author={Tang, Chengzhou and Tan, Ping},
  journal={arXiv preprint arXiv:1806.04807},
  year={2018}
}

@inproceedings{liu2023robust,
  title={Robust dynamic radiance fields},
  author={Liu, Yu-Lun and Gao, Chen and Meuleman, Andreas and Tseng, Hung-Yu and Saraf, Ayush and Kim, Changil and Chuang, Yung-Yu and Kopf, Johannes and Huang, Jia-Bin},
  booktitle=CVPR,
  year={2023}
}

@article{wang2024shape,
  title={Shape of motion: 4d reconstruction from a single video},
  author={Wang, Qianqian and Ye, Vickie and Gao, Hang and Austin, Jake and Li, Zhengqi and Kanazawa, Angjoo},
  journal={arXiv preprint arXiv:2407.13764},
  year={2024}
}


@article{lei2024mosca,
  title={MoSca: Dynamic Gaussian Fusion from Casual Videos via 4D Motion Scaffolds},
  author={Lei, Jiahui and Weng, Yijia and Harley, Adam and Guibas, Leonidas and Daniilidis, Kostas},
  journal={arXiv preprint arXiv:2405.17421},
  year={2024}
}


@article{park2021hypernerf,
  title={Hypernerf: A higher-dimensional representation for topologically varying neural radiance fields},
  author={Park, Keunhong and Sinha, Utkarsh and Hedman, Peter and Barron, Jonathan T and Bouaziz, Sofien and Goldman, Dan B and Martin-Brualla, Ricardo and Seitz, Steven M},
  journal={arXiv preprint arXiv:2106.13228},
  year={2021}
}

@article{gao2022monocular,
  title={Monocular dynamic view synthesis: A reality check},
  author={Gao, Hang and Li, Ruilong and Tulsiani, Shubham and Russell, Bryan and Kanazawa, Angjoo},
  journal={NeurIPS},
  year={2022}
}

@inproceedings{li2023dynibar,
  title={Dynibar: Neural dynamic image-based rendering},
  author={Li, Zhengqi and Wang, Qianqian and Cole, Forrester and Tucker, Richard and Snavely, Noah},
  booktitle=CVPR,
  year={2023}
}


@inproceedings{li2021neural,
  title={Neural scene flow fields for space-time view synthesis of dynamic scenes},
  author={Li, Zhengqi and Niklaus, Simon and Snavely, Noah and Wang, Oliver},
  booktitle=CVPR,
  year={2021}
}

@inproceedings{park2021nerfies,
  title={Nerfies: Deformable neural radiance fields},
  author={Park, Keunhong and Sinha, Utkarsh and Barron, Jonathan T and Bouaziz, Sofien and Goldman, Dan B and Seitz, Steven M and Martin-Brualla, Ricardo},
  booktitle=CVPR,
  year={2021}
}


@inproceedings{newcombe2015dynamicfusion,
  title={Dynamicfusion: Reconstruction and tracking of non-rigid scenes in real-time},
  author={Newcombe, Richard A and Fox, Dieter and Seitz, Steven M},
  booktitle=CVPR,
  year={2015}
}

@inproceedings{bozic2020deepdeform,
  title={Deepdeform: Learning non-rigid rgb-d reconstruction with semi-supervised data},
  author={Bozic, Aljaz and Zollhofer, Michael and Theobalt, Christian and Nie{\ss}ner, Matthias},
  booktitle=CVPR,
  year={2020}
}

@inproceedings{park20103d,
  title={3D reconstruction of a moving point from a series of 2D projections},
  author={Park, Hyun Soo and Shiratori, Takaaki and Matthews, Iain and Sheikh, Yaser},
  booktitle=ECCV,
  year={2010},
}

@inproceedings{vo2016spatiotemporal,
  title={Spatiotemporal bundle adjustment for dynamic 3d reconstruction},
  author={Vo, Minh and Narasimhan, Srinivasa G and Sheikh, Yaser},
  booktitle=CVPR,
  year={2016}
}


@article{simon2016kronecker,
  title={Kronecker-markov prior for dynamic 3d reconstruction},
  author={Simon, Tomas and Valmadre, Jack and Matthews, Iain and Sheikh, Yaser},
  journal=PAMI,
  year={2016},
}

@article{zhang2021consistent,
  title={Consistent depth of moving objects in video},
  author={Zhang, Zhoutong and Cole, Forrester and Tucker, Richard and Freeman, William T and Dekel, Tali},
  journal={ACM Transactions on Graphics (ToG)},
  year={2021},
}

@inproceedings{kopf2021rcvd,
 title={Robust Consistent Video Depth Estimation},
 author={Kopf, Johannes and Rong, Xuejian and Huang, Jia-Bin},
 year={2021},
 booktitle=CVPR
}


@inproceedings{zhang2022structure,
  title={Structure and motion from casual videos},
  author={Zhang, Zhoutong and Cole, Forrester and Li, Zhengqi and Rubinstein, Michael and Snavely, Noah and Freeman, William T},
  booktitle=ECCV,
  year={2022},
}

@article{park2023camp,
  title={Camp: Camera preconditioning for neural radiance fields},
  author={Park, Keunhong and Henzler, Philipp and Mildenhall, Ben and Barron, Jonathan T and Martin-Brualla, Ricardo},
  journal={ACM Transactions on Graphics (TOG)},
  year={2023},
}

@article{zhang2024monst3r,
  title={{MonST3R}: A Simple Approach for Estimating Geometry in the Presence of Motion},
  author={Zhang, Junyi and Herrmann, Charles and Hur, Junhwa and Jampani, Varun and Darrell, Trevor and Cole, Forrester and Sun, Deqing and Yang, Ming-Hsuan},
  journal={arXiv preprint arXiv:2410.03825},
  year={2024}
}


@article{leroy2024grounding,
  title={Grounding Image Matching in 3D with MASt3R},
  author={Leroy, Vincent and Cabon, Yohann and Revaud, J{\'e}r{\^o}me},
  journal={arXiv preprint arXiv:2406.09756},
  year={2024}
}

@inproceedings{wang2024dust3r,
  title={Dust3r: Geometric 3d vision made easy},
  author={Wang, Shuzhe and Leroy, Vincent and Cabon, Yohann and Chidlovskii, Boris and Revaud, Jerome},
  booktitle=CVPR,
  year={2024}
}

@inproceedings{kazhdan2006poisson,
  title={Poisson surface reconstruction},
  author={Kazhdan, Michael and Bolitho, Matthew and Hoppe, Hugues},
  booktitle={Proceedings of the fourth Eurographics symposium on Geometry processing},
  year={2006}
}

@inproceedings{brachmann2024acezero,
    title={Scene Coordinate Reconstruction: Posing of Image Collections via Incremental Learning of a Relocalizer},
    author={Brachmann, Eric and Wynn, Jamie and Chen, Shuai and Cavallari, Tommaso and Monszpart, {\'{A}}ron and Turmukhambetov, Daniyar and Prisacariu, Victor Adrian},
    booktitle=ECCV,
    year={2024},
}


@inproceedings{curless1996volumetric,
  title={A volumetric method for building complex models from range images},
  author={Curless, Brian and Levoy, Marc},
  booktitle=SIGGRAPH,
  year={1996}
}

@inproceedings{hoppe1992surface,
  title={Surface reconstruction from unorganized points},
  author={Hoppe, Hugues and DeRose, Tony and Duchamp, Tom and McDonald, John and Stuetzle, Werner},
  booktitle=SIGGRAPH,
  year={1992}
}

@inproceedings{yao2018mvsnet,
  title={Mvsnet: Depth inference for unstructured multi-view stereo},
  author={Yao, Yao and Luo, Zixin and Li, Shiwei and Fang, Tian and Quan, Long},
  booktitle=ECCV,
  year={2018}
}

@inproceedings{galliani2015massively,
  title={Massively parallel multiview stereopsis by surface normal diffusion},
  author={Galliani, Silvano and Lasinger, Katrin and Schindler, Konrad},
  booktitle=ICCV,
  year={2015}
}

@article{furukawa2009accurate,
  title={Accurate, dense, and robust multiview stereopsis},
  author={Furukawa, Yasutaka and Ponce, Jean},
  journal=PAMI,
  year={2009},
}

@inproceedings{furukawa2010towards,
  title={Towards internet-scale multi-view stereo},
  author={Furukawa, Yasutaka and Curless, Brian and Seitz, Steven M and Szeliski, Richard},
  booktitle=CVPR,
  year={2010},
}

@inproceedings{jancosek2011multi,
  title={Multi-view reconstruction preserving weakly-supported surfaces},
  author={Jancosek, Michal and Pajdla, Tomas},
  booktitle=CVPR,
  year={2011},
}

@inproceedings{campbell2008using,
  title={Using multiple hypotheses to improve depth-maps for multi-view stereo},
  author={Campbell, Neill DF and Vogiatzis, George and Hern{\'a}ndez, Carlos and Cipolla, Roberto},
  booktitle=ECCV,
  year={2008},
}

@inproceedings{yao2019recurrent,
  title={Recurrent mvsnet for high-resolution multi-view stereo depth inference},
  author={Yao, Yao and Luo, Zixin and Li, Shiwei and Shen, Tianwei and Fang, Tian and Quan, Long},
  booktitle=CVPR,
  year={2019}
}

@article{pollefeys2008detailed,
  title={Detailed real-time urban 3d reconstruction from video},
  author={Pollefeys, Marc and Nist{\'e}r, David and Frahm, J-M and Akbarzadeh, Amir and Mordohai, Philippos and Clipp, Brian and Engels, Chris and Gallup, David and Kim, S-J and Merrell, Paul and others},
  journal={IJCV},
  year={2008},
}

@article{engel2017direct,
  title={Direct sparse odometry},
  author={Engel, Jakob and Koltun, Vladlen and Cremers, Daniel},
  journal=PAMI,
  year={2017},
}


@article{davison2007monoslam,
  title={MonoSLAM: Real-time single camera SLAM},
  author={Davison, Andrew J and Reid, Ian D and Molton, Nicholas D and Stasse, Olivier},
  journal=PAMI,
  year={2007},
}

@article{campos2021orb,
  title={Orb-slam3: An accurate open-source library for visual, visual--inertial, and multimap slam},
  author={Campos, Carlos and Elvira, Richard and Rodr{\'\i}guez, Juan J G{\'o}mez and Montiel, Jos{\'e} MM and Tard{\'o}s, Juan D},
  journal={IEEE Transactions on Robotics},
  year={2021},
}

@article{agarwal2011building,
  title={Building rome in a day},
  author={Agarwal, Sameer and Furukawa, Yasutaka and Snavely, Noah and Simon, Ian and Curless, Brian and Seitz, Steven M and Szeliski, Richard},
  journal={Communications of the ACM},
  year={2011},
}

@article{birchfield1999depth,
  title={Depth discontinuities by pixel-to-pixel stereo},
  author={Birchfield, Stan and Tomasi, Carlo},
  journal={IJCV},
  year={1999},
}

@inproceedings{depthanything,
      title={Depth Anything: Unleashing the Power of Large-Scale Unlabeled Data}, 
      author={Yang, Lihe and Kang, Bingyi and Huang, Zilong and Xu, Xiaogang and Feng, Jiashi and Zhao, Hengshuang},
      booktitle=CVPR,
      year={2024}
}

@inproceedings{piccinelli2024unidepth,
    title     = {{U}ni{D}epth: Universal Monocular Metric Depth Estimation},
    author    = {Piccinelli, Luigi and Yang, Yung-Hsu and Sakaridis, Christos and Segu, Mattia and Li, Siyuan and Van Gool, Luc and Yu, Fisher},
    booktitle = CVPR,
    year      = {2024}
}
@inproceedings{karaev2023dynamicstereo,
  title={Dynamicstereo: Consistent dynamic depth from stereo videos},
  author={Karaev, Nikita and Rocco, Ignacio and Graham, Benjamin and Neverova, Natalia and Vedaldi, Andrea and Rupprecht, Christian},
  booktitle=CVPR,
  year={2023}
}

@inproceedings{zhang2023temporalstereo,
  title={Temporalstereo: Efficient spatial-temporal stereo matching network},
  author={Zhang, Youmin and Poggi, Matteo and Mattoccia, Stefano},
  booktitle={IROS},
  year={2023},
}

@inproceedings{zhang2019ga,
  title={Ga-net: Guided aggregation net for end-to-end stereo matching},
  author={Zhang, Feihu and Prisacariu, Victor and Yang, Ruigang and Torr, Philip HS},
  booktitle=CVPR,
  year={2019}
}

@inproceedings{sun2020scalability,
  title={Scalability in perception for autonomous driving: Waymo open dataset},
  author={Sun, Pei and Kretzschmar, Henrik and Dotiwalla, Xerxes and Chouard, Aurelien and Patnaik, Vijaysai and Tsui, Paul and Guo, James and Zhou, Yin and Chai, Yuning and Caine, Benjamin and others},
  booktitle=CVPR,
  year={2020}
}

@article{geiger2013vision,
  title={Vision meets robotics: The kitti dataset},
  author={Geiger, Andreas and Lenz, Philip and Stiller, Christoph and Urtasun, Raquel},
  journal={IJRR},
  year={2013},
}

@inproceedings{mayer2016large,
  title={A large dataset to train convolutional networks for disparity, optical flow, and scene flow estimation},
  author={Mayer, Nikolaus and Ilg, Eddy and Hausser, Philip and Fischer, Philipp and Cremers, Daniel and Dosovitskiy, Alexey and Brox, Thomas},
  booktitle=CVPR,
  year={2016}
}

@inproceedings{kendall2017end,
  title={End-to-end learning of geometry and context for deep stereo regression},
  author={Kendall, Alex and Martirosyan, Hayk and Dasgupta, Saumitro and Henry, Peter and Kennedy, Ryan and Bachrach, Abraham and Bry, Adam},
  booktitle=ICCV,
  year={2017}
}

@inproceedings{chang2018pyramid,
  title={Pyramid stereo matching network},
  author={Chang, Jia-Ren and Chen, Yong-Sheng},
  booktitle=CVPR,
  year={2018}
}

@article{van2002hierarchical,
  title={A hierarchical symmetric stereo algorithm using dynamic programming},
  author={Van Meerbergen, Geert and Vergauwen, Maarten and Pollefeys, Marc and Van Gool, Luc},
  journal=IJCV,
  year={2002},
}

@inproceedings{pang2017cascade,
  title={Cascade residual learning: A two-stage convolutional neural network for stereo matching},
  author={Pang, Jiahao and Sun, Wenxiu and Ren, Jimmy SJ and Yang, Chengxi and Yan, Qiong},
  booktitle={Proc. CVPR Workshops},
  year={2017}
}

@article{sun2003stereo,
  title={Stereo matching using belief propagation},
  author={Sun, Jian and Zheng, Nan-Ning and Shum, Heung-Yeung},
  journal=PAMI,
  year={2003},
}

@inproceedings{klaus2006segment,
  title={Segment-based stereo matching using belief propagation and a self-adapting dissimilarity measure},
  author={Klaus, Andreas and Sormann, Mario and Karner, Konrad},
  booktitle={ICPR},
  year={2006},
}


@article{hirschmuller2002real,
  title={Real-time correlation-based stereo vision with reduced border errors},
  author={Hirschm{\"u}ller, Heiko and Innocent, Peter R and Garibaldi, Jon},
  journal={IJCV},
  year={2002},
}

@inproceedings{yin2023metric3d,
  title={Metric3d: Towards zero-shot metric 3d prediction from a single image},
  author={Yin, Wei and Zhang, Chi and Chen, Hao and Cai, Zhipeng and Yu, Gang and Wang, Kaixuan and Chen, Xiaozhi and Shen, Chunhua},
  booktitle=CVPR,
  year={2023}
}

@article{yang2024depth,
  title={Depth Anything V2},
  author={Yang, Lihe and Kang, Bingyi and Huang, Zilong and Zhao, Zhen and Xu, Xiaogang and Feng, Jiashi and Zhao, Hengshuang},
  journal={arXiv preprint arXiv:2406.09414},
  year={2024}
}

@article{ranftl2020towards,
  title={Towards robust monocular depth estimation: Mixing datasets for zero-shot cross-dataset transfer},
  author={Ranftl, Ren{\'e} and Lasinger, Katrin and Hafner, David and Schindler, Konrad and Koltun, Vladlen},
  journal=PAMI,
  year={2020},
}


@inproceedings{yin2021learning,
  title={Learning to recover 3d scene shape from a single image},
  author={Yin, Wei and Zhang, Jianming and Wang, Oliver and Niklaus, Simon and Mai, Long and Chen, Simon and Shen, Chunhua},
  booktitle=CVPR,
  year={2021}
}


@inproceedings{ranftl2021vision,
  title={Vision transformers for dense prediction},
  author={Ranftl, Ren{\'e} and Bochkovskiy, Alexey and Koltun, Vladlen},
  booktitle=CVPR,
  year={2021}
}

@inproceedings{li2019learning,
  title={Learning the depths of moving people by watching frozen people},
  author={Li, Zhengqi and Dekel, Tali and Cole, Forrester and Tucker, Richard and Snavely, Noah and Liu, Ce and Freeman, William T},
  booktitle=CVPR,
  year={2019}
}

@inproceedings{li2018megadepth,
  title={Megadepth: Learning single-view depth prediction from internet photos},
  author={Li, Zhengqi and Snavely, Noah},
  booktitle=CVPR,
  year={2018}
}

@article{vaswani2017attention,
  title={Attention is all you need},
  author={Vaswani, A},
  journal={NeurIPS},
  year={2017}
}
@inproceedings{ke2024repurposing,
  title={Repurposing diffusion-based image generators for monocular depth estimation},
  author={Ke, Bingxin and Obukhov, Anton and Huang, Shengyu and Metzger, Nando and Daudt, Rodrigo Caye and Schindler, Konrad},
  booktitle=CVPR,
  year={2024}
}

@inproceedings{jing2024matchstereovideos,
  title={Match-stereo-videos: Bidirectional alignment for consistent dynamic stereo matching},
  author={Jing, Junpeng and Mao, Ye and Mikolajczyk, Krystian},
  booktitle={ECCV},
  year={2025},
}

@inproceedings{sun2022disentangling,
  title={Disentangling architecture and training for optical flow},
  author={Sun, Deqing and Herrmann, Charles and Reda, Fitsum and Rubinstein, Michael and Fleet, David J and Freeman, William T},
  booktitle={ECCV},
  year={2022},
}
@inproceedings{teed2020raft,
  title={Raft: Recurrent all-pairs field transforms for optical flow},
  author={Teed, Zachary and Deng, Jia},
  booktitle={ECCV},
  year={2020},
}
@inproceedings{wang2025sea,
  title={Sea-raft: Simple, efficient, accurate raft for optical flow},
  author={Wang, Yihan and Lipson, Lahav and Deng, Jia},
  booktitle={ECCV},
  year={2025},
}
@inproceedings{snavely2006photo,
  title={Photo tourism: exploring photo collections in 3D},
  author={Snavely, Noah and Seitz, Steven M and Szeliski, Richard},
  booktitle=SIGGRAPH,
  year={2006}
}

@inproceedings{sun2021autoflow,
  title={Autoflow: Learning a better training set for optical flow},
  author={Sun, Deqing and Vlasic, Daniel and Herrmann, Charles and Jampani, Varun and Krainin, Michael and Chang, Huiwen and Zabih, Ramin and Freeman, William T and Liu, Ce},
  booktitle=CVPR,
  year={2021}
}


@inproceedings{weber2024nerfiller,
  title={Nerfiller: Completing scenes via generative 3d inpainting},
  author={Weber, Ethan and Holynski, Aleksander and Jampani, Varun and Saxena, Saurabh and Snavely, Noah and Kar, Abhishek and Kanazawa, Angjoo},
  booktitle={CVPR},
  year={2024}
}

@inproceedings{shih2024extranerf,
  title={ExtraNeRF: Visibility-Aware View Extrapolation of Neural Radiance Fields with Diffusion Models},
  author={Shih, Meng-Li and Ma, Wei-Chiu and Boyice, Lorenzo and Holynski, Aleksander and Cole, Forrester and Curless, Brian and Kontkanen, Janne},
  booktitle={CVPR},
  year={2024}
}

@article{doersch2024bootstap,
  author    = {Carl Doersch and Pauline Luc and Yi Yang and Dilara Gokay and Skanda Koppula and Ankush Gupta and Joseph Heyward and Ignacio Rocco and Ross Goroshin and João Carreira and Andrew Zisserman},
  title     = {{BootsTAP}: Bootstrapped Training for Tracking Any Point},
  journal   = {ICCV},
  year      = {2024},
}

@inproceedings{zhou2018stereo,
  author = {Zhou, Tinghui and Tucker, Richard and Flynn, John and Fyffe, Graham and Snavely, Noah},
  title = {Stereo Magnification: Learning View Synthesis using Multiplane Images},
  booktitle = SIGGRAPH,
  year = {2018}
}

@article{sweeney2019structure,
  title={Structure from motion for panorama-style videos},
  author={Sweeney, Chris and Holynski, Aleksander and Curless, Brian and Seitz, Steve M},
  journal={arXiv preprint arXiv:1906.03539},
  year={2019}
}

@inproceedings{holynski2020reducing,
  title={Reducing drift in structure from motion using extended features},
  author={Holynski, Aleksander and Geraghty, David and Frahm, Jan-Michael and Sweeney, Chris and Szeliski, Richard},
  booktitle={3DV},
  year={2020},
}

@article{wu2024cat4d,
  title={CAT4D: Create Anything in 4D with Multi-View Video Diffusion Models},
  author={Wu, Rundi and Gao, Ruiqi and Poole, Ben and Trevithick, Alex and Zheng, Changxi and Barron, Jonathan T and Holynski, Aleksander},
  journal={arXiv preprint arXiv:2411.18613},
  year={2024}
}

@article{gao2024cat3d,
  title={Cat3d: Create anything in 3d with multi-view diffusion models},
  author={Gao, Ruiqi and Holynski, Aleksander and Henzler, Philipp and Brussee, Arthur and Martin-Brualla, Ricardo and Srinivasan, Pratul and Barron, Jonathan T and Poole, Ben},
  journal={NeurIPS},
  year={2024}
}

@article{li2024megasam,
  title={MegaSaM: Accurate, Fast, and Robust Structure and Motion from Casual Dynamic Videos},
  author={Li, Zhengqi and Tucker, Richard and Cole, Forrester and Wang, Qianqian and Jin, Linyi and Ye, Vickie and Kanazawa, Angjoo and Holynski, Aleksander and Snavely, Noah},
  journal={arXiv preprint arXiv:2412.04463},
  year={2024}
}

@article{murartal2015orbslam,
  title={{ORB-SLAM}: a Versatile and Accurate Monocular {SLAM} System},
  author={Mur-Artal, Ra\'ul and Montiel, J. M. M. and Tard\'os, Juan D.},
  journal={IEEE Trans. on Robotics},
  year={2015}
}

@article{veo2024,
  title={Veo},
  author={Abhishek Sharma and Adams Yu and Ali Razavi and Andeep Toor and Andrew Pierson and Ankush Gupta and Austin Waters and Aäron van den Oord and Daniel Tanis and Dumitru Erhan and Eric Lau and Eleni Shaw and Gabe Barth-Maron and Greg Shaw and Han Zhang and Henna Nandwani and Hernan Moraldo and Hyunjik Kim and Irina Blok and Jakob Bauer and Jeff Donahue and Junyoung Chung and Kory Mathewson and Kurtis David and Lasse Espeholt and Marc van Zee and Matt McGill and Medhini Narasimhan and Miaosen Wang and Mikołaj Bińkowski and Mohammad Babaeizadeh and Mohammad Taghi Saffar and Nando de Freitas and Nick Pezzotti and Pieter-Jan Kindermans and Poorva Rane and Rachel Hornung and Robert Riachi and Ruben Villegas and Rui Qian and Sander Dieleman and Serena Zhang and Serkan Cabi and Shixin Luo and Shlomi Fruchter and Signe Nørly and Srivatsan Srinivasan and Tobias Pfaff and Tom Hume and Vikas Verma and Weizhe Hua and William Zhu and Xinchen Yan and Xinyu Wang and Yelin Kim and Yuqing Du and Yutian Chen},
  url={https://deepmind.google/technologies/veo/},
  year={2024}
}
