@misc{xiong2020layer,
      title={On Layer Normalization in the Transformer Architecture}, 
      author={Ruibin Xiong and Yunchang Yang and Di He and Kai Zheng and Shuxin Zheng and Chen Xing and Huishuai Zhang and Yanyan Lan and Liwei Wang and Tie-Yan Liu},
      year={2020},
      eprint={2002.04745},
      archivePrefix={arXiv},
      primaryClass={cs.LG}
}
@misc{ding2021cogview,
      title={CogView: Mastering Text-to-Image Generation via Transformers}, 
      author={Ming Ding and Zhuoyi Yang and Wenyi Hong and Wendi Zheng and Chang Zhou and Da Yin and Junyang Lin and Xu Zou and Zhou Shao and Hongxia Yang and Jie Tang},
      year={2021},
      eprint={2105.13290},
      archivePrefix={arXiv},
      primaryClass={cs.CV}
}
@misc{dettmers20168bit,
      title={8-Bit Approximations for Parallelism in Deep Learning}, 
      author={Tim Dettmers},
      year={2016},
      eprint={1511.04561},
      archivePrefix={arXiv},
      primaryClass={cs.NE}
}
@misc{shazeer2020glu,
      title={GLU Variants Improve Transformer}, 
      author={Noam Shazeer},
      year={2020},
      eprint={2002.05202},
      archivePrefix={arXiv},
      primaryClass={cs.LG}
}
@misc{press2020improving,
      title={Improving Transformer Models by Reordering their Sublayers}, 
      author={Ofir Press and Noah A. Smith and Omer Levy},
      year={2020},
      eprint={1911.03864},
      archivePrefix={arXiv},
      primaryClass={cs.CL}
}

@techreport{J1WhitePaper,
  author = {Lieber, Opher and Sharir, Or and Lenz, Barak and Shoham, Yoav},
  title = {Jurassic-1: Technical Details And Evaluation},
  institution = {AI21 Labs},
  year = 2021,
  month = aug,
}
@misc{chen2021earlybert,
      title={EarlyBERT: Efficient BERT Training via Early-bird Lottery Tickets}, 
      author={Xiaohan Chen and Yu Cheng and Shuohang Wang and Zhe Gan and Zhangyang Wang and Jingjing Liu},
      year={2021},
      eprint={2101.00063},
      archivePrefix={arXiv},
      primaryClass={cs.CL}
}
@misc{ba2016layer,
      title={Layer Normalization}, 
      author={Jimmy Lei Ba and Jamie Ryan Kiros and Geoffrey E. Hinton},
      year={2016},
      eprint={1607.06450},
      archivePrefix={arXiv},
      primaryClass={stat.ML}
}
@inproceedings{liu2017learning,
  title={Learning efficient convolutional networks through network slimming},
  author={Liu, Zhuang and Li, Jianguo and Shen, Zhiqiang and Huang, Gao and Yan, Shoumeng and Zhang, Changshui},
  booktitle={ICCV},
  year={2017}
}
@inproceedings{michel19neurips,
    title = {Are Sixteen Heads Really Better than One?},
    author = {Paul Michel and Omer Levy and Graham Neubig},
    booktitle = {NeurIPS},
    year = {2019}
}

@article{voita2019analyzing,
  title={Analyzing multi-head self-attention: Specialized heads do the heavy lifting, the rest can be pruned},
  author={Voita, Elena and Talbot, David and Moiseev, Fedor and Sennrich, Rico and Titov, Ivan},
  journal={arXiv preprint arXiv:1905.09418},
  year={2019}
}
@article{liu2019roberta,
    title = {RoBERTa: A Robustly Optimized BERT Pretraining Approach},
    author = {Yinhan Liu and Myle Ott and Naman Goyal and Jingfei Du and
              Mandar Joshi and Danqi Chen and Omer Levy and Mike Lewis and
              Luke Zettlemoyer and Veselin Stoyanov},
    journal={arXiv preprint arXiv:1907.11692},
    year = {2019},
}

@article{sakaguchi2020winogrande, title={WinoGrande: An Adversarial Winograd Schema Challenge at Scale}, volume={34}, url={https://ojs.aaai.org/index.php/AAAI/article/view/6399}, DOI={10.1609/aaai.v34i05.6399}, number={05}, journal={Proceedings of the AAAI Conference on Artificial Intelligence}, author={Sakaguchi, Keisuke and Le Bras, Ronan and Bhagavatula, Chandra and Choi, Yejin}, year={2020}, month={Apr.}, pages={8732-8740} }

@article{bisk2020piqa, title={PIQA: Reasoning about Physical Commonsense in Natural Language}, volume={34}, url={https://ojs.aaai.org/index.php/AAAI/article/view/6239}, DOI={10.1609/aaai.v34i05.6239}, number={05}, journal={Proceedings of the AAAI Conference on Artificial Intelligence}, author={Bisk, Yonatan and Zellers, Rowan and Le bras, Ronan and Gao, Jianfeng and Choi, Yejin}, year={2020}, month={Apr.}, pages={7432-7439} }

@article{warstadt2018cola,
  title={Neural Network Acceptability Judgments},
  author={Warstadt, Alex and Singh, Amanpreet and Bowman, Samuel R.},
  journal={arXiv preprint 1805.12471},
  year={2018}
}

@article{matthews1975mcc,
  title={Comparison of the predicted and observed secondary structure of T4 phage lysozyme},
  author={Matthews, Brian W},
  journal={Biochimica et Biophysica Acta (BBA)-Protein Structure},
  volume={405},
  number={2},
  pages={442--451},
  year={1975},
  publisher={Elsevier}
}

@inproceedings{zhang2015character,
  title={Character-level convolutional networks for text classification},
  author={Zhang, Xiang and Zhao, Junbo and LeCun, Yann},
  booktitle=nips,
  pages={649--657},
  year={2015}
}

@article{lacoste2019quantifying,
  title={Quantifying the Carbon Emissions of Machine Learning},
  author={Lacoste, Alexandre and Luccioni, Alexandra and Schmidt, Victor and Dandres, Thomas},
  journal={arXiv preprint arXiv:1910.09700},
  year={2019}
}



@article{shen2020towards,
  title={Towards backward-compatible representation learning},
  author={Shen, Yantao and Xiong, Yuanjun and Xia, Wei and Soatto, Stefano},
  journal={arXiv preprint arXiv:2003.11942},
  year={2020}
}

@article{fan2020training,
    title={Training with Quantization Noise for Extreme Model Compression},
    author={Angela Fan and Pierre Stock and Benjamin Graham and Edouard Grave and Remi Gribonval and Herve Jegou and Armand Joulin},
    year={2020},
    eprint={2004.07320},
    archivePrefix={arXiv},
    primaryClass={cs.ML}
}

@inproceedings{tenney2019what,
  title={What do you learn from context? Probing for sentence structure in contextualized word representations},
  author={Ian Tenney and Patrick Xia and Berlin Chen and Alex Wang and Adam Poliak and R Thomas McCoy and Najoung Kim and Benjamin Van Durme and Sam Bowman and Dipanjan Das and Ellie Pavlick},
  booktitle={International Conference on Learning Representations},
  year={2019},
}

@article{tenney2019bert,
  title={BERT rediscovers the classical NLP pipeline},
  author={Tenney, Ian and Das, Dipanjan and Pavlick, Ellie},
  journal={arXiv preprint arXiv:1905.05950},
  year={2019}
}

@inproceedings{luong2016multi,
  title={Multi-task sequence to sequence learning},
  author={Luong, Minh-Thang and Le, Quoc V and Sutskever, Ilya and Vinyals, Oriol and Kaiser, Lukasz},
  booktitle=iclr,
  year={2016}
}

@inproceedings{wang2019can,
  title={Can you tell me how to get past sesame street? sentence-level pretraining beyond language modeling},
  author={Wang, Alex and Hula, Jan and Xia, Patrick and Pappagari, Raghavendra and McCoy, R Thomas and Patel, Roma and Kim, Najoung and Tenney, Ian and Huang, Yinghui and Yu, Katherin and others},
  booktitle={Proceedings of the 57th Annual Meeting of the Association for Computational Linguistics},
  pages={4465--4476},
  year={2019}
}

@article{clark2019bam,
  title={Bam! born-again multi-task networks for natural language understanding},
  author={Clark, Kevin and Luong, Minh-Thang and Khandelwal, Urvashi and Manning, Christopher D and Le, Quoc V},
  journal={arXiv preprint arXiv:1907.04829},
  year={2019}
}

@article{caruana1997multitask,
  title={Multitask learning},
  author={Caruana, Rich},
  journal={Machine learning},
  volume={28},
  number={1},
  pages={41--75},
  year={1997},
  publisher={Springer}
}

@article{ruder2017overview,
  title={An overview of multi-task learning in deep neural networks},
  author={Ruder, Sebastian},
  journal={arXiv preprint arXiv:1706.05098},
  year={2017}
}

@inproceedings{pang2004sentimental,
  title={A sentimental education: Sentiment analysis using subjectivity summarization based on minimum cuts},
  author={Pang, Bo and Lee, Lillian},
  booktitle={Proceedings of the 42nd annual meeting on Association for Computational Linguistics},
  pages={271},
  year={2004},
  organization={Association for Computational Linguistics}
}

@inproceedings{schmidt2017survey,
  title={A survey on hate speech detection using natural language processing},
  author={Schmidt, Anna and Wiegand, Michael},
  booktitle={Proceedings of the Fifth International Workshop on Natural Language Processing for Social Media},
  pages={1--10},
  year={2017}
}

@article{hinton2015distilling,
  title={Distilling the knowledge in a neural network},
  author={Hinton, Geoffrey and Vinyals, Oriol and Dean, Jeff},
  journal={arXiv preprint arXiv:1503.02531},
  year={2015}
}

@article{houlsby2019parameter,
  title={Parameter-Efficient Transfer Learning for NLP},
  author={Houlsby, Neil and Giurgiu, Andrei and Jastrzebski, Stanislaw and Morrone, Bruna and De Laroussilhe, Quentin and Gesmundo, Andrea and Attariyan, Mona and Gelly, Sylvain},
  journal=icml,
  year={2019}
}

@inproceedings{zampieri2019semeval,
  title={SemEval-2019 Task 6: Identifying and Categorizing Offensive Language in Social Media (OffensEval)},
  author={Zampieri, Marcos and Malmasi, Shervin and Nakov, Preslav and Rosenthal, Sara and Farra, Noura and Kumar, Ritesh},
  booktitle={Proceedings of the 13th International Workshop on Semantic Evaluation},
  pages={75--86},
  year={2019}
}

@inproceedings{sanh2019distilbert,
  title={{DistilBERT}, a distilled version of BERT: smaller, faster, cheaper and lighter},
  author={Sanh, Victor and Debut, Lysandre and Chaumond, Julien and Wolf, Thomas},
  booktitle={NeurIPS EMC$^2$ Workshop},
  year={2019}
}

@article{mccann2018decanlp,
  title={The Natural Language Decathlon: Multitask Learning as Question Answering},
  author={Bryan McCann and Nitish Shirish Keskar and Caiming Xiong and Richard Socher},
  journal={arXiv preprint arXiv:1806.08730},
  year={2018}
}

@inproceedings{collobert2008unified,
  title={A unified architecture for natural language processing: Deep neural networks with multitask learning},
  author={Collobert, Ronan and Weston, Jason},
  booktitle={Proceedings of the 25th international conference on Machine learning},
  pages={160--167},
  year={2008},
  organization={ACM}
}

@inproceedings{yang2015humor,
  title={Humor recognition and humor anchor extraction},
  author={Yang, Diyi and Lavie, Alon and Dyer, Chris and Hovy, Eduard},
  booktitle={Proceedings of the 2015 Conference on Empirical Methods in Natural Language Processing},
  pages={2367--2376},
  year={2015}
}

@inproceedings{pitler2008revisiting,
  title={Revisiting readability: A unified framework for predicting text quality},
  author={Pitler, Emily and Nenkova, Ani},
  booktitle={Proceedings of the conference on empirical methods in natural language processing},
  pages={186--195},
  year={2008},
  organization={Association for Computational Linguistics}
}

@article{joshi2019spanbert,
    title={{SpanBERT}: Improving Pre-training by Representing and Predicting Spans},
    author={Mandar Joshi and Danqi Chen and Yinhan Liu and Daniel S. Weld and Luke Zettlemoyer and Omer Levy},
    year={2019},
    journal={arXiv preprint arXiv:1907.10529}
}

@inproceedings{zhang2019ernie,
  title={{ERNIE}: Enhanced Language Representation with Informative Entities},
  author={Zhang, Zhengyan and Han, Xu and Liu, Zhiyuan and Jiang, Xin and Sun, Maosong and Liu, Qun},
  booktitle=acl,
  year={2019}
}

@article{sun2019ernie,
  title={{ERNIE}: Enhanced Representation through Knowledge Integration},
  author={Yu Stephanie Sun and Shuohuan Wang and Yukun Li and Shikun Feng and Xuyi Chen and Han Zhang and Xinlun Tian and Danxiang Zhu and Hao Tian and Hua Wu},
  journal={arXiv preprint arXiv:1904.09223},
  year={2019}
}

@inproceedings{subramanian2018learning,
  title={Learning General Purpose Distributed Sentence Representations via Large Scale Multi-task Learning},
  author={Sandeep Subramanian and Adam Trischler and Yoshua Bengio and Christopher J Pal},
  booktitle={International Conference on Learning Representations},
  year={2018},
  url={https://openreview.net/forum?id=B18WgG-CZ},
}

@inproceedings{kiros2015skip,
  title={Skip-thought vectors},
  author={Kiros, Ryan and Zhu, Yukun and Salakhutdinov, Ruslan R and Zemel, Richard and Urtasun, Raquel and Torralba, Antonio and Fidler, Sanja},
  booktitle={Advances in neural information processing systems},
  pages={3294--3302},
  year={2015}
}

@inproceedings{hill-etal-2016-learning-distributed,
    title = "Learning Distributed Representations of Sentences from Unlabelled Data",
    author = "Hill, Felix  and
      Cho, Kyunghyun  and
      Korhonen, Anna",
    booktitle = "Proceedings of the 2016 Conference of the North {A}merican Chapter of the Association for Computational Linguistics: Human Language Technologies",
    month = jun,
    year = "2016",
    address = "San Diego, California",
    publisher = "Association for Computational Linguistics",
    url = "https://www.aclweb.org/anthology/N16-1162",
    doi = "10.18653/v1/N16-1162",
    pages = "1367--1377",
}

@InProceedings{conneau2017infersent,
  author    = {Conneau, Alexis  and  Kiela, Douwe  and  Schwenk, Holger  and  Barrault, Lo\"{i}c  and  Bordes, Antoine},
  title     = {Supervised Learning of Universal Sentence Representations from Natural Language Inference Data},
  booktitle = {Proceedings of the 2017 Conference on Empirical Methods in Natural Language Processing},
  month     = {September},
  year      = {2017},
  address   = {Copenhagen, Denmark},
  publisher = {Association for Computational Linguistics},
  pages     = {670--680},
  url       = {https://www.aclweb.org/anthology/D17-1070}
}

@article{peters2019tune,
  title={To tune or not to tune? adapting pretrained representations to diverse tasks},
  author={Peters, Matthew and Ruder, Sebastian and Smith, Noah A},
  journal={arXiv preprint arXiv:1903.05987},
  year={2019}
}

@article{dong2019unified,
  title={Unified Language Model Pre-training for Natural Language Understanding and Generation},
  author={Dong, Li and Yang, Nan and Wang, Wenhui and Wei, Furu and Liu, Xiaodong and Wang, Yu and Gao, Jianfeng and Zhou, Ming and Hon, Hsiao-Wuen},
  journal={arXiv preprint arXiv:1905.03197},
  year={2019}
}


@article{chan2019kermit,
  title={{KERMIT}: Generative Insertion-Based Modeling for Sequences},
  author={Chan, William and Kitaev, Nikita and Guu, Kelvin and Stern, Mitchell and Uszkoreit, Jakob},
  journal={arXiv preprint arXiv:1906.01604},
  year={2019}
}

@inproceedings{mccann2017learned,
  title={Learned in translation: Contextualized word vectors},
  author={McCann, Bryan and Bradbury, James and Xiong, Caiming and Socher, Richard},
  booktitle=nips,
  pages={6297--6308},
  year={2017}
}

@inproceedings{devlin2018bert,
    title={{BERT}: Pre-training of Deep Bidirectional Transformers for Language Understanding},
    author={Devlin, Jacob and Chang, Ming-Wei and Lee, Kenton and Toutanova, Kristina},
    booktitle=naacl,
    year={2019}
}

@article{yang2019xlnet,
  title={XLNet: Generalized Autoregressive Pretraining for Language Understanding},
  
  author={Yang, Zhilin and Dai, Zihang and Yang, Yiming and Carbonell, Jaime and Salakhutdinov, Ruslan and Le, Quoc V},
  journal={arXiv preprint arXiv:1906.08237},
  year={2019}
}

@inproceedings{moviebook,
    title = {Aligning Books and Movies: Towards Story-like Visual Explanations by Watching Movies and Reading Books},
    author = {Yukun Zhu and Ryan Kiros and Richard Zemel and Ruslan Salakhutdinov and Raquel Urtasun and Antonio Torralba and Sanja Fidler},
    booktitle = {arXiv preprint arXiv:1506.06724},
    year = {2015}
}

@article{baevski2019cloze,
  title={Cloze-driven pretraining of self-attention networks},
  author={Baevski, Alexei and Edunov, Sergey and Liu, Yinhan and Zettlemoyer, Luke and Auli, Michael},
  journal={arXiv preprint arXiv:1903.07785},
  year={2019}
}

@inproceedings{baevski2018adaptive,
    title={Adaptive Input Representations for Neural Language Modeling},
    author={Alexei Baevski and Michael Auli},
    booktitle={International Conference on Learning Representations},
    year={2019},
    url={https://openreview.net/forum?id=ByxZX20qFQ},
}

@article{child2019generating,
  title={Generating long sequences with sparse transformers},
  author={Child, Rewon and Gray, Scott and Radford, Alec and Sutskever, Ilya},
  journal={arXiv preprint arXiv:1904.10509},
  year={2019}
}

@misc{gokaslan2019openwebtext,  
	title={OpenWebText Corpus},
	author={Aaron Gokaslan and Vanya Cohen},
	howpublished={\path{http://web.archive.org/save/http://Skylion007.github.io/OpenWebTextCorpus}}, 
	year={2019}
}

@misc{xlnetteam2019fair,  
	title={A Fair Comparison Study of XLNet and BERT with Large Models},
	author={\text{XLNet Team}},
	howpublished={\path{https://web.archive.org/web/20190725164152/https://medium.com/@xlnet.team/a-fair-comparison-study-of-xlnet-and-bert-with-large-models-5a4257f59dc0}}, 
	year={2019}
}

@article{you2019reducing,
  title={Reducing BERT Pre-Training Time from 3 Days to 76 Minutes},
  author={You, Yang and Li, Jing and Hseu, Jonathan and Song, Xiaodan and Demmel, James and Hsieh, Cho-Jui},
  journal={arXiv preprint arXiv:1904.00962},
  year={2019}
}

@article{krizhevsky2014one,
  title={One weird trick for parallelizing convolutional neural networks},
  author={Krizhevsky, Alex},
  journal={arXiv preprint arXiv:1404.5997},
  year={2014}
}

@inproceedings{loshchilov2018decoupled,
  title={Decoupled Weight Decay Regularization},
  author={Ilya Loshchilov and Frank Hutter},
  booktitle={International Conference on Learning Representations},
  year={2019},
  url={https://openreview.net/forum?id=Bkg6RiCqY7},
}

@misc{iyer2016quora,
    title={First Quora Dataset Release: Question Pairs},
    author={Shankar Iyer and Nikhil Dandekar and Kornél Csernai},
    howpublished={\path{https://data.quora.com/First-Quora-Dataset-Release-Question-Pairs}},
    year={2016}
}

@misc{bergman2021azure,
    title={{How Can I Calculate CO2eq emissions for my Azure VM?}},
    author={Sara Bergman},
    howpublished={\url{https://web.archive.org/web/20210730160438/https://devblogs.microsoft.com/sustainable-software/how-can-i-calculate-co2eq-emissions-for-my-azure-vm/}},
    year={2021}
}


@misc{nagel2016ccnews,
    title={CC-NEWS},
    author={Sebastian Nagel},
    howpublished={\path{http://web.archive.org/save/http://commoncrawl.org/2016/10/news-dataset-available}},
    year={2016}
}

@InProceedings{hamborg2017newsplease,
  author     = {Hamborg, Felix and Meuschke, Norman and Breitinger, Corinna and Gipp, Bela},
  title      = {news-please: A Generic News Crawler and Extractor},
  year       = {2017},
  booktitle  = {Proceedings of the 15th International Symposium of Information Science}
}

@article{zellers2019neuralfakenews,
    title={Defending Against Neural Fake News},
    author={Zellers, Rowan and Holtzman, Ari and Rashkin, Hannah and Bisk, Yonatan and Farhadi, Ali and Roesner, Franziska and Choi, Yejin},
    journal={arXiv preprint arXiv:1905.12616},
    year={2019}
}

@inproceedings{wang2019glue,
     title={{GLUE}: A Multi-Task Benchmark and Analysis Platform for Natural Language Understanding},
     author={Wang, Alex and Singh, Amanpreet and Michael, Julian and Hill, Felix and Levy, Omer and Bowman, Samuel R.},
     booktitle=iclr,
     year={2019}
}

@InProceedings{conneau2018xnli,
  author = "Conneau, Alexis
        and Rinott, Ruty
        and Lample, Guillaume
        and Williams, Adina
        and Bowman, Samuel R.
        and Schwenk, Holger
        and Stoyanov, Veselin",
  title = "XNLI: Evaluating Cross-lingual Sentence Representations",
  booktitle = "Proceedings of the 2018 Conference on Empirical Methods
               in Natural Language Processing",
  year = "2018",
  publisher = "Association for Computational Linguistics",
  location = "Brussels, Belgium",
}

@article{wang2019superglue,
   title={Super{GLUE}: A Stickier Benchmark for General-Purpose Language Understanding Systems},
   author={Alex Wang and Yada Pruksachatkun and Nikita Nangia and Amanpreet Singh and Julian Michael and Felix Hill and Omer Levy and Samuel R. Bowman},
   journal={arXiv preprint 1905.00537},
   year={2019}
 }
 
@misc{so2021primer,
      title={Primer: Searching for Efficient Transformers for Language Modeling}, 
      author={David R. So and Wojciech Mańke and Hanxiao Liu and Zihang Dai and Noam Shazeer and Quoc V. Le},
      year={2021},
      eprint={2109.08668},
      archivePrefix={arXiv},
      primaryClass={cs.LG}
}

 @inproceedings{clark2019boolq,
   title={{B}ool{Q}: Exploring the Surprising Difficulty of Natural Yes/No Questions},
   author={Clark, Christopher and Lee, Kenton and Chang, Ming-Wei and Kwiatkowski, Tom and Collins, Michael and Toutanova, Kristina},
   booktitle={Proceedings of NAACL-HLT 2019},
   year={2019}
 }
 @inproceedings{demarneffe:cb,
   title={{The CommitmentBank}: Investigating projection in naturally occurring discourse},
   author={De Marneffe, Marie-Catherine and Simons, Mandy and Tonhauser, Judith},
   note={To appear in proceedings of Sinn und Bedeutung 23. Data can be found at https://github.com/mcdm/CommitmentBank/},
   year={2019}
 }
 @inproceedings{roemmele2011choice,
   title={Choice of plausible alternatives: An evaluation of commonsense causal reasoning},
   author={Roemmele, Melissa and Bejan, Cosmin Adrian and Gordon, Andrew S.},
   booktitle={2011 AAAI Spring Symposium Series},
   year={2011}
 }
 @inproceedings{khashabi2018looking,
   title={Looking beyond the surface: A challenge set for reading comprehension over multiple sentences},
   author={Khashabi, Daniel and Chaturvedi, Snigdha and Roth, Michael and Upadhyay, Shyam and Roth, Dan},
   booktitle={Proceedings of the 2018 Conference of the North American Chapter of the Association for Computational Linguistics: Human Language Technologies, Volume 1 (Long Papers)},
   pages={252--262},
   year={2018}
 }
 @article{zhang2018record,
   title={{ReCoRD}: Bridging the Gap between Human and Machine Commonsense Reading Comprehension},
   author={Sheng Zhang and Xiaodong Liu and Jingjing Liu and Jianfeng Gao and Kevin Duh and Benjamin Van Durme},
   journal={arXiv preprint 1810.12885},
   year={2018}
 }
 @incollection{dagan2006pascal,
   title={The {PASCAL} recognising textual entailment challenge},
   author={Dagan, Ido and Glickman, Oren and Magnini, Bernardo},
   booktitle={Machine learning challenges. evaluating predictive uncertainty, visual object classification, and recognising tectual entailment},
   pages={177--190},
   year={2006},
   publisher={Springer}
 }
 @article{bar2006second,
   title={The second {PASCAL} recognising textual entailment challenge},
   author={Bar Haim, Roy and Dagan, Ido and Dolan, Bill and Ferro, Lisa and Giampiccolo, Danilo and Magnini, Bernardo and Szpektor, Idan},
   year={2006}
 }
 @inproceedings{giampiccolo2007third,
   title={The third {PASCAL} recognizing textual entailment challenge},
   author={Giampiccolo, Danilo and Magnini, Bernardo and Dagan, Ido and Dolan, Bill},
   booktitle={Proceedings of the ACL-PASCAL workshop on textual entailment and paraphrasing},
   pages={1--9},
   year={2007},
   organization={Association for Computational Linguistics},
 }
 @article{bentivogli2009fifth,
   title={The Fifth {PASCAL} Recognizing Textual Entailment Challenge},
   author={Bentivogli, Luisa and Dagan, Ido and Dang, Hoa Trang and Giampiccolo, Danilo and Magnini, Bernardo},
   booktitle={TAC},
   year={2009}
 }
 @inproceedings{pilehvar2018wic,
   title={{WiC}: The Word-in-Context Dataset for Evaluating Context-Sensitive Meaning Representations},
   author={Pilehvar, Mohammad Taher and Camacho-Collados, Jose},
   booktitle={Proceedings of NAACL-HLT},
   year={2019}
 }
 @inproceedings{rudinger2018winogender,
   title={Gender Bias in Coreference Resolution},
   author={Rudinger, Rachel  and  Naradowsky, Jason  and  Leonard, Brian  and  {Van Durme}, Benjamin},
   booktitle={Proceedings of NAACL-HLT},
   year={2018}
 }
 @inproceedings{poliak2018dnc,
   title={Collecting Diverse Natural Language Inference Problems for Sentence Representation Evaluation},
   author={Poliak, Adam and Haldar, Aparajita and Rudinger, Rachel and Hu, J. Edward and Pavlick, Ellie and White, Aaron Steven and {Van Durme}, Benjamin},
   booktitle={Proceedings of EMNLP},
   year={2018}
 }
 @inproceedings{levesque2011winograd,
   title={The {W}inograd schema challenge},
   author={Levesque, Hector J and Davis, Ernest and Morgenstern, Leora},
   booktitle={{AAAI} Spring Symposium: Logical Formalizations of Commonsense Reasoning},
   volume={46},
   pages={47},
   year={2011}
 }
 
@inproceedings{paszke2017automatic,
  title={Automatic Differentiation in {PyTorch}},
  author={Paszke, Adam and Gross, Sam and Chintala, Soumith and Chanan, Gregory and Yang, Edward and DeVito, Zachary and Lin, Zeming and Desmaison, Alban and Antiga, Luca and Lerer, Adam},
  booktitle={NIPS Autodiff Workshop},
  year={2017}
}

@inproceedings{sennrich2016neural,
  title={Neural Machine Translation of Rare Words with Subword Units},
  author={Sennrich, Rico and Haddow, Barry and Birch, Alexandra},
  booktitle=acl,
  pages={1715--1725},
  year={2016}
}

@article{wang2019superglue,
   title={Super{GLUE}: A Stickier Benchmark for General-Purpose Language Understanding Systems},
   author={Alex Wang and Yada Pruksachatkun and Nikita Nangia and Amanpreet Singh and Julian Michael and Felix Hill and Omer Levy and Samuel R. Bowman},
   journal={arXiv preprint 1905.00537},
   year={2019}
}

@article{liu2019improving,
  title={Improving Multi-Task Deep Neural Networks via Knowledge Distillation for Natural Language Understanding},
  author={Liu, Xiaodong and He, Pengcheng and Chen, Weizhu and Gao, Jianfeng},
  journal={arXiv preprint arXiv:1904.09482},
  year={2019}
}

@article{kocijan2019surprisingly,
  title={A Surprisingly Robust Trick for Winograd Schema Challenge},
  author={Kocijan, Vid and Cretu, Ana-Maria and Camburu, Oana-Maria and Yordanov, Yordan and Lukasiewicz, Thomas},
  journal={arXiv preprint arXiv:1905.06290},
  year={2019}
}

@article{phang2018stilts,
  title={Sentence Encoders on STILTs: Supplementary Training on Intermediate Labeled-data Tasks},
  author={Jason Phang and Thibault Févry and Samuel R. Bowman},
  journal={arXiv preprint arXiv:1811.01088},
  year={2018}
}

@unpublished{spacy2,
    AUTHOR = {Honnibal, Matthew and Montani, Ines},
    TITLE  = {{spaCy 2}: Natural language understanding with {B}loom embeddings, convolutional neural networks and incremental parsing},
    YEAR   = {2017},
    Note   = {To appear}
}

@inproceedings{micikevicius2018mixed,
    title={Mixed Precision Training},
    author={Paulius Micikevicius and Sharan Narang and Jonah Alben and Gregory Diamos and Erich Elsen and David Garcia and Boris Ginsburg and Michael Houston and Oleksii Kuchaiev and Ganesh Venkatesh and Hao Wu},
    booktitle={International Conference on Learning Representations},
    year={2018},
}

@inproceedings{ott2019fairseq,
  title = {\textsc{fairseq}: A Fast, Extensible Toolkit for Sequence Modeling},
  author = {Myle Ott and Sergey Edunov and Alexei Baevski and Angela Fan and Sam Gross and Nathan Ng and David Grangier and Michael Auli},
  booktitle = naacl_demo,
  year = {2019},
}

@article{zhu2015bookcorpus,
  title = {Aligning books and movies: Towards story-like visual explanations by watching movies and reading books.},
  author = {Zhu, Yukun and Kiros, Ryan and Zemel, Richard and Salakhutdinov, Ruslan and Urtasun, Raquel and Torralba, Antonio and Fidler, Sanja},
  journal={arXiv preprint arXiv:1506.06724},
  year = {2019},
}

@article{conneau2020unsupervised,
      title={Unsupervised Cross-lingual Representation Learning at Scale}, 
      author={Conneau, Alexis and Khandelwal, Kartikay and Goyal, Naman and Chaudhary, Vishrav and Wenzek, Guillaume and Guzmán, Francisco and Grave, Edouard and Ott, Myle and Zettlemoyer, Luke and Stoyanov, Veselin},
      year={2020},
      eprint={1911.02116},
      archivePrefix={arXiv},
      primaryClass={cs.CL}
}


@article{bachlechner2020rezero,
  title={Rezero is all you need: Fast convergence at large depth},
  author={Bachlechner, Thomas and Majumder, Bodhisattwa Prasad and Mao, Huanru Henry and Cottrell, Garrison W and McAuley, Julian},
  journal={arXiv preprint arXiv:2003.04887},
  year={2020}
}

@article{ramesh2021zero,
  title={Zero-shot text-to-image generation},
  author={Ramesh, Aditya and Pavlov, Mikhail and Goh, Gabriel and Gray, Scott and Voss, Chelsea and Radford, Alec and Chen, Mark and Sutskever, Ilya},
  journal={arXiv preprint arXiv:2102.12092},
  year={2021}
}


@inproceedings{balduzzi2017shattered,
  title={The shattered gradients problem: If resnets are the answer, then what is the question?},
  author={Balduzzi, David and Frean, Marcus and Leary, Lennox and Lewis, JP and Ma, Kurt Wan-Duo and McWilliams, Brian},
  booktitle={International Conference on Machine Learning},
  pages={342--350},
  year={2017},
  organization={PMLR}
}


@article{sun2019fine,
  title={How to Fine-Tune BERT for Text Classification?},
  author={Sun, Chi and Qiu, Xipeng and Xu, Yige and Huang, Xuanjing},
  journal={arXiv preprint arXiv:1905.05583},
  year={2019}
}

@inproceedings{huang2020improving,
  title={Improving transformer optimization through better initialization},
  author={Huang, Xiao Shi and Perez, Felipe and Ba, Jimmy and Volkovs, Maksims},
  booktitle={International Conference on Machine Learning},
  pages={4475--4483},
  year={2020},
  organization={PMLR}
}

@article{srivastava2015highway,
  title={Highway networks},
  author={Srivastava, Rupesh Kumar and Greff, Klaus and Schmidhuber, J{\"u}rgen},
  journal={arXiv preprint arXiv:1505.00387},
  year={2015}
}

@inproceedings{he2016deep,
  title={Deep residual learning for image recognition},
  author={He, Kaiming and Zhang, Xiangyu and Ren, Shaoqing and Sun, Jian},
  booktitle={Proceedings of the IEEE conference on computer vision and pattern recognition},
  pages={770--778},
  year={2016}
}

@article{zhu2021gradinit,
  title={GradInit: Learning to initialize neural networks for stable and efficient training},
  author={Zhu, Chen and Ni, Renkun and Xu, Zheng and Kong, Kezhi and Huang, W Ronny and Goldstein, Tom},
  journal={arXiv preprint arXiv:2102.08098},
  year={2021}
}

@article{liu2020understanding,
  title={Understanding the difficulty of training transformers},
  author={Liu, Liyuan and Liu, Xiaodong and Gao, Jianfeng and Chen, Weizhu and Han, Jiawei},
  journal={arXiv preprint arXiv:2004.08249},
  year={2020}
}


@inproceedings{paszke2019pytorch,
    title = {PyTorch: An Imperative Style, High-Performance Deep Learning Library},
    author = {Paszke, Adam and Gross, Sam and Massa, Francisco and Lerer, Adam and Bradbury, James and Chanan, Gregory and Killeen, Trevor and Lin, Zeming and Gimelshein, Natalia and Antiga, Luca and Desmaison, Alban and Kopf, Andreas and Yang, Edward and DeVito, Zachary and Raison, Martin and Tejani, Alykhan and Chilamkurthy, Sasank and Steiner, Benoit and Fang, Lu and Bai, Junjie and Chintala, Soumith},
    booktitle = nips,
    pages = {8024--8035},
    year = {2019},
}

@inproceedings{zafrir2019q8bert,
  title={Q8bert: Quantized 8bit bert},
  author={Zafrir, Ofir and Boudoukh, Guy and Izsak, Peter and Wasserblat, Moshe},
  booktitle={5th Workshop on Energy Efficient Machine Learning and Cognitive Computing},
  year={2019}
}

@article{liu2019mtdnn,
  title={Multi-Task Deep Neural Networks for Natural Language Understanding},
  author={Liu, Xiaodong and He, Pengcheng and Chen, Weizhu and Gao, Jianfeng},
  journal={arXiv preprint arXiv:1901.11504},
  year={2019}
}

@inproceedings{hoffer2017train,
  title={Train longer, generalize better: closing the generalization gap in large batch training of neural networks},
  author={Hoffer, Elad and Hubara, Itay and Soudry, Daniel},
  booktitle=nips,
  pages={1731--1741},
  year={2017}
}


@article{shi2019simple,
  author    = {Peng Shi and Jimmy Lin},
  title     = {Simple {BERT} Models for Relation Extraction and Semantic Role Labeling},
  journal={arXiv preprint 1904.05255},
  year={2019}
}

@inproceedings{zhang2019ernie,
  title={{ERNIE}: Enhanced Language Representation with Informative Entities},
  author={Zhang, Zhengyan and Han, Xu and Liu, Zhiyuan and Jiang, Xin and Sun, Maosong and Liu, Qun},
  booktitle=acl,
  year={2019}
}

@article{trinh2018simple,
  title={A simple method for commonsense reasoning},
  author={Trinh, Trieu H and Le, Quoc V},
  journal={arXiv preprint arXiv:1806.02847},
  year={2018}
}

@inproceedings{zhang2017tacred,
    title={Position-aware Attention and Supervised Data Improve Slot Filling},
    author={Zhang, Yuhao and Zhong, Victor and Chen, Danqi and Angeli, Gabor and Manning, Christopher D.},
    booktitle=emnlp,
    year={2017}
}

@inproceedings{trischler2017newsqa,
  title={NewsQA: A Machine Comprehension Dataset},
  author={Trischler, Adam and Wang, Tong and Yuan, Xingdi and Harris, Justin and Sordoni, Alessandro and Bachman, Philip and Suleman, Kaheer},
  booktitle={2nd Workshop on Representation Learning for NLP},
  year={2017}
}

@article{smith2017don,
  title={Don't decay the learning rate, increase the batch size},
  author={Smith, Samuel L and Kindermans, Pieter-Jan and Ying, Chris and Le, Quoc V},
  journal={arXiv preprint arXiv:1711.00489},
  year={2017}
}

@article{goyal2017accurate,
  title={Accurate, large minibatch sgd: Training imagenet in 1 hour},
  author={Goyal, Priya and Doll{\'a}r, Piotr and Girshick, Ross and Noordhuis, Pieter and Wesolowski, Lukasz and Kyrola, Aapo and Tulloch, Andrew and Jia, Yangqing and He, Kaiming},
  journal={arXiv preprint arXiv:1706.02677},
  year={2017}
}

@article{zellers2018swag,
  title={Swag: A large-scale adversarial dataset for grounded commonsense inference},
  author={Zellers, Rowan and Bisk, Yonatan and Schwartz, Roy and Choi, Yejin},
  journal={arXiv preprint arXiv:1808.05326},
  year={2018}
}

@inproceedings{rajpurkar2018know,
  title={Know What You Don't Know: Unanswerable Questions for SQuAD},
  author={Rajpurkar, Pranav and Jia, Robin and Liang, Percy},
  booktitle=acl,
  year={2018}
}

@inproceedings{yang2018hotpotqa,
  title={Hotpot{QA}: A Dataset for Diverse, Explainable Multi-hop Question Answering},
  author={Yang, Zhilin and Qi, Peng and Zhang, Saizheng and Bengio, Yoshua and Cohen, William and Salakhutdinov, Ruslan and Manning, Christopher D},
  booktitle=emnlp,
  year={2018}
}

@article{dunn2017searchqa,
  title={Searchqa: A new q\&a dataset augmented with context from a search engine},
  author={Dunn, Matthew and Sagun, Levent and Higgins, Mike and Guney, V Ugur and Cirik, Volkan and Cho, Kyunghyun},
  journal={arXiv preprint arXiv:1704.05179},
  year={2017}
}

@inproceedings{joshi2017triviaqa,
  title={{TriviaQA}: A Large Scale Distantly Supervised Challenge Dataset for Reading Comprehension},
  author={Joshi, Mandar and Choi, Eunsol and Weld, Daniel and Zettlemoyer, Luke},
  booktitle=acl,
  year={2017}
}

@article{ding2021cogview,
  title={CogView: Mastering Text-to-Image Generation via Transformers},
  author={Ding, Ming and Yang, Zhuoyi and Hong, Wenyi and Zheng, Wendi and Zhou, Chang and Yin, Da and Lin, Junyang and Zou, Xu and Shao, Zhou and Yang, Hongxia and others},
  journal={arXiv preprint arXiv:2105.13290},
  year={2021}
}

@inproceedings{parisotto2020stabilizing,
  title={Stabilizing transformers for reinforcement learning},
  author={Parisotto, Emilio and Song, Francis and Rae, Jack and Pascanu, Razvan and Gulcehre, Caglar and Jayakumar, Siddhant and Jaderberg, Max and Kaufman, Raphael Lopez and Clark, Aidan and Noury, Seb and others},
  booktitle={International Conference on Machine Learning},
  pages={7487--7498},
  year={2020},
  organization={PMLR}
}

@inproceedings{lee2018higher,
    title="Higher-Order Coreference Resolution with Coarse-to-Fine Inference",
    author={Lee, Kenton and He, Luheng and Zettlemoyer, Luke},
    booktitle = naacl,
    year={2018}
}

@inproceedings{vaswani2017attention,
  title={Attention is all you need},
  author={Vaswani, Ashish and Shazeer, Noam and Parmar, Niki and Uszkoreit, Jakob and Jones, Llion and Gomez, Aidan N and Kaiser, {\L}ukasz and Polosukhin, Illia},
  booktitle={Advances in neural information processing systems},
  year={2017}
}

@article{kwiatkowski2019natural,
  title	= {Natural Questions: a Benchmark for Question Answering Research},
  author	= {Tom Kwiatkowski and Jennimaria Palomaki and Olivia Redfield and Michael Collins and Ankur Parikh and Chris Alberti and Danielle Epstein and Illia Polosukhin and Matthew Kelcey and Jacob Devlin and Kenton Lee and Kristina N. Toutanova and Llion Jones and Ming-Wei Chang and Andrew Dai and Jakob Uszkoreit and Quoc Le and Slav Petrov},
  year	= {2019},
  journal	= tacl
}

@inproceedings{peters2018deep,
  title={Deep Contextualized Word Representations},
  author={Peters, Matthew and Neumann, Mark and Iyyer, Mohit and Gardner, Matt and Clark, Christopher and Lee, Kenton and Zettlemoyer, Luke},
  booktitle=naacl,
  year={2018}
}



@inproceedings{dagan2005pascal,
  title={The PASCAL recognising textual entailment challenge},
  author={Dagan, Ido and Glickman, Oren and Magnini, Bernardo},
  booktitle={Machine Learning Challenges Workshop},
  year={2005},
  organization={Springer}
}

@inproceedings{bowman2015large,
  title={A large annotated corpus for learning natural language inference},
  author={Bowman, Samuel R and Angeli, Gabor and Potts, Christopher and Manning, Christopher D},
  booktitle=emnlp,
  year={2015}
}

@article{lee2016learning,
  title={Learning recurrent span representations for extractive question answering},
  author={Lee, Kenton and Salant, Shimi and Kwiatkowski, Tom and Parikh, Ankur and Das, Dipanjan and Berant, Jonathan},
  journal={arXiv preprint arXiv:1611.01436},
  year={2016}
}
@inproceedings{lee2017end,
  title={End-to-end Neural Coreference Resolution},
  author={Lee, Kenton and He, Luheng and Lewis, Mike and Zettlemoyer, Luke},
  booktitle=emnlp,
  pages={188--197},
  year={2017}
}

@inproceedings{song2019mass,
    title={{MASS}: Masked Sequence to Sequence Pre-training for Language Generation},
    author={Song, Kaitao and Tan, Xu and Qin, Tao and Lu, Jianfeng and Liu, Tie-Yan},
    booktitle=icml,
    year={2019}
}

@inproceedings{he2018jointly,
  title={Jointly Predicting Predicates and Arguments in Neural Semantic Role Labeling},
  author={He, Luheng and Lee, Kenton and Levy, Omer and Zettlemoyer, Luke},
  booktitle={Proceedings of ACL},
  pages={364--369},
  year={2018}
}

@inproceedings{pradhan2012conll,
  title={CoNLL-2012 shared task: Modeling multilingual unrestricted coreference in OntoNotes},
  author={Pradhan, Sameer and Moschitti, Alessandro and Xue, Nianwen and Uryupina, Olga and Zhang, Yuchen},
  booktitle={Joint Conference on EMNLP and CoNLL-Shared Task},
  pages={1--40},
  year={2012}
}

@article{warstadt2018neural,
   title={Neural Network Acceptability Judgments},
   author={Warstadt, Alex and Singh, Amanpreet and Bowman, Samuel R.},
   journal={arXiv preprint 1805.12471},
   year={2018}
 }

 @inproceedings{socher2013recursive,
   title={Recursive deep models for semantic compositionality over a sentiment treebank},
   author={Socher, Richard and Perelygin, Alex and Wu, Jean and Chuang, Jason and Manning, Christopher D and Ng, Andrew and Potts, Christopher},
   booktitle=emnlp,
   year={2013}
 }

 @inproceedings{dolan2005automatically,
   title={Automatically constructing a corpus of sentential paraphrases},
   author={Dolan, William B and Brockett, Chris},
   booktitle={Proceedings of the International Workshop on Paraphrasing},
   year={2005}
 }

 @book{agirre2007semantic,
   editor    = {Agirre, Eneko and  M{\`a}rquez, Llu{\'\i}s and Wicentowski, Richard},
   title     = {Proceedings of the Fourth International Workshop on Semantic Evaluations (SemEval-2007)},
   year      = {2007}
 }
 


 @inproceedings{williams2018broad,
   title={A Broad-Coverage Challenge Corpus for Sentence Understanding through Inference},
   author={Williams, Adina and Nangia, Nikita and Bowman, Samuel},
   booktitle=naacl,
   year={2018}
 }

 @inproceedings{rajpurkar2016squad,
   title={{SQuAD}: 100,000+ Questions for Machine Comprehension of Text},
   author={Rajpurkar, Pranav and Zhang, Jian and Lopyrev, Konstantin and Liang, Percy},
   booktitle=emnlp,
   year={2016}
 }
 
 @incollection{dagan2006pascal,
   title={The {PASCAL} recognising textual entailment challenge},
   author={Dagan, Ido and Glickman, Oren and Magnini, Bernardo},
   booktitle={Machine learning challenges. evaluating predictive uncertainty, visual object classification, and recognising tectual entailment},
   year={2006}
 }

 @inproceedings{bar2006second,
    title={The second {PASCAL} recognising textual entailment challenge},
    author={Bar-Haim, Roy and Dagan, Ido and Dolan, Bill and Ferro, Lisa and Giampiccolo, Danilo and Magnini, Bernardo and Szpektor, Idan},
    booktitle={Proceedings of the second PASCAL challenges workshop on recognising textual entailment},
    year={2006}
}

 @inproceedings{giampiccolo2007third,
   title={The third {PASCAL} recognizing textual entailment challenge},
   author={Giampiccolo, Danilo and Magnini, Bernardo and Dagan, Ido and Dolan, Bill},
   booktitle={Proceedings of the ACL-PASCAL workshop on textual entailment and paraphrasing},
   year={2007}
 }

 @article{bentivogli2009fifth,
   title={The Fifth {PASCAL} Recognizing Textual Entailment Challenge},
   author={Bentivogli, Luisa and Dagan, Ido and Dang, Hoa Trang and Giampiccolo, Danilo and Magnini, Bernardo},
   booktitle={TAC},
   year={2009}
 }

 @inproceedings{levesque2011winograd,
   title={The {W}inograd schema challenge},
   author={Levesque, Hector J and Davis, Ernest and Morgenstern, Leora},
   booktitle={{AAAI} Spring Symposium: Logical Formalizations of Commonsense Reasoning},
   year={2011}
 }

@article{lample2019cross,
  title={Cross-lingual Language Model Pretraining},
  author={Lample, Guillaume and Conneau, Alexis},
  journal={arXiv preprint arXiv:1901.07291},
  year={2019}
}

@article{dai2019transformer,
  title={Transformer-xl: Attentive language models beyond a fixed-length context},
  author={Dai, Zihang and Yang, Zhilin and Yang, Yiming and Cohen, William W and Carbonell, Jaime and Le, Quoc V and Salakhutdinov, Ruslan},
  journal={arXiv preprint arXiv:1901.02860},
  year={2019}
}

@inproceedings{mikolov2013distributed,
  title={Distributed Representations of Words and Phrases and their Compositionality},
  author={Mikolov, Tomas and Sutskever, Ilya and Chen, Kai and Corrado, Greg S and Dean, Jeff},
  booktitle=nips,
  pages={3111--3119},
  year={2013}
}

@article{brown1992class,
  title={Class-Based n-gram Models of Natural Language},
  author={Peter F. Brown and Vincent J. Della Pietra and Peter V. de Souza and Jennifer C. Lai and Robert L. Mercer},
  journal={Computational Linguistics},
  year={1992},
  volume={18},
  pages={467-479}
}

@inproceedings{kingma2014adam,
  title={Adam: A method for stochastic optimization},
  author={Kingma, Diederik and Ba, Jimmy},
  booktitle=iclr,
  year={2015}
}

@inproceedings{pennington2014glove,
  author = {Jeffrey Pennington and Richard Socher and Christopher D. Manning},
  booktitle = emnlp,
  title = {GloVe: Global Vectors for Word Representation},
  year = {2014},
  pages = {1532--1543}
}

@article{howard2018universal,
  title={Universal language model fine-tuning for text classification},
  author={Howard, Jeremy and Ruder, Sebastian},
  journal={arXiv preprint arXiv:1801.06146},
  year={2018}
}

@inproceedings{dai2015semi,
  title={Semi-supervised sequence learning},
  author={Dai, Andrew M and Le, Quoc V},
  booktitle=nips,
  year={2015}
}

@article{harris1954,
  author = {Harris, Zellig},
  journal = {Word},
  number = "23",
  pages = {146--162},
  title = {Distributional structure},
  volume = "10",
  year = {1954}
}

@inproceedings{turian2010word,
  title={Word Representations: A Simple and General Method for Semi-Supervised Learning},
  author={Turian, Joseph and Ratinov, Lev-Arie and Bengio, Yoshua},
  booktitle=acl,
  pages={384--394},
  year={2010}
}

@article{bojanowski2017enriching,
  title={Enriching Word Vectors with Subword Information},
  author={Bojanowski, Piotr and Grave, Edouard and Joulin, Armand and Mikolov, Tomas},
  journal=tacl,
  volume={5},
  year={2017},
  pages={135--146}
}

@inproceedings{zellers-etal-2019-hellaswag,
    title = "{H}ella{S}wag: Can a Machine Really Finish Your Sentence?",
    author = "Zellers, Rowan  and
      Holtzman, Ari  and
      Bisk, Yonatan  and
      Farhadi, Ali  and
      Choi, Yejin",
    booktitle = "Proceedings of the 57th Annual Meeting of the Association for Computational Linguistics",
    month = jul,
    year = "2019",
    address = "Florence, Italy",
    publisher = "Association for Computational Linguistics",
    url = "https://www.aclweb.org/anthology/P19-1472",
    doi = "10.18653/v1/P19-1472",
    pages = "4791--4800",
}
@inproceedings{mihaylov-etal-2018-suit,
    title = "Can a Suit of Armor Conduct Electricity? A New Dataset for Open Book Question Answering",
    author = "Mihaylov, Todor  and
      Clark, Peter  and
      Khot, Tushar  and
      Sabharwal, Ashish",
    booktitle = "Proceedings of the 2018 Conference on Empirical Methods in Natural Language Processing",
    month = oct # "-" # nov,
    year = "2018",
    address = "Brussels, Belgium",
    publisher = "Association for Computational Linguistics",
    url = "https://www.aclweb.org/anthology/D18-1260",
    doi = "10.18653/v1/D18-1260",
    pages = "2381--2391",
}
@inproceedings{mostafazadeh-etal-2016-corpus,
    title = "A Corpus and Cloze Evaluation for Deeper Understanding of Commonsense Stories",
    author = "Mostafazadeh, Nasrin  and
      Chambers, Nathanael  and
      He, Xiaodong  and
      Parikh, Devi  and
      Batra, Dhruv  and
      Vanderwende, Lucy  and
      Kohli, Pushmeet  and
      Allen, James",
    booktitle = "Proceedings of the 2016 Conference of the North {A}merican Chapter of the Association for Computational Linguistics: Human Language Technologies",
    month = jun,
    year = "2016",
    address = "San Diego, California",
    publisher = "Association for Computational Linguistics",
    url = "https://www.aclweb.org/anthology/N16-1098",
    doi = "10.18653/v1/N16-1098",
    pages = "839--849",
}


@article{hendrycks2016baseline,
  title={A baseline for detecting misclassified and out-of-distribution examples in neural networks},
  author={Hendrycks, Dan and Gimpel, Kevin},
  journal={arXiv preprint arXiv:1610.02136},
  year={2016}
}
@inproceedings{melamud2016context2vec,
    title = "context2vec: Learning Generic Context Embedding with Bidirectional {LSTM}",
    author = "Melamud, Oren  and
      Goldberger, Jacob  and
      Dagan, Ido",
    booktitle = "Proceedings of The 20th {SIGNLL} Conference on Computational Natural Language Learning",
    month = aug,
    year = "2016",
    address = "Berlin, Germany",
    publisher = "Association for Computational Linguistics",
    pages = "51--61",
}

@inproceedings{Kiros2015SkipThoughtV,
  title={Skip-Thought Vectors},
  author={Ryan Kiros and Yukun Zhu and Ruslan R. Salakhutdinov and Richard S. Zemel and Antonio Torralba and Raquel Urtasun and Sanja Fidler},
  booktitle={NIPS},
  year={2015}
}

@techreport{radford2018gpt,
  title={Improving language understanding with unsupervised learning},
  author={Radford, Alec and Narasimhan, Karthik and Salimans, Time and Sutskever, Ilya},
  year={2018},
  institution={OpenAI}
}

@techreport{radford2019language,
  title={Language models are unsupervised multitask learners},
  author={Radford, Alec and Wu, Jeffrey and Child, Rewon and Luan, David and Amodei, Dario and Sutskever, Ilya},
  year={2019},
  institution={OpenAI}
}

@article{Logeswaran2018AnEF,
  title={An efficient framework for learning sentence representations},
  author={Lajanugen Logeswaran and Honglak Lee},
  journal={ArXiv},
  year={2018},
  volume={abs/1803.02893}
}

@article{chen2016training,
  title={Training deep nets with sublinear memory cost},
  author={Chen, Tianqi and Xu, Bing and Zhang, Chiyuan and Guestrin, Carlos},
  journal={arXiv preprint arXiv:1604.06174},
  year={2016}
}

@inproceedings{rajbhandari2020zero,
  title={ZeRO: Memory optimizations toward training trillion parameter models},
  author={Rajbhandari, Samyam and Rasley, Jeff and Ruwase, Olatunji and He, Yuxiong},
  booktitle={SC20: International Conference for High Performance Computing, Networking, Storage and Analysis},
  pages={1--16},
  year={2020},
  organization={IEEE}
}

@article{huang2019gpipe,
  title={Gpipe: Efficient training of giant neural networks using pipeline parallelism},
  author={Huang, Yanping and Cheng, Youlong and Bapna, Ankur and Firat, Orhan and Chen, Dehao and Chen, Mia and Lee, HyoukJoong and Ngiam, Jiquan and Le, Quoc V and Wu, Yonghui and others},
  journal={Advances in neural information processing systems},
  volume={32},
  pages={103--112},
  year={2019}
}

@article{shoeybi2019megatron,
  title={Megatron-lm: Training multi-billion parameter language models using model parallelism},
  author={Shoeybi, Mohammad and Patwary, Mostofa and Puri, Raul and LeGresley, Patrick and Casper, Jared and Catanzaro, Bryan},
  journal={arXiv preprint arXiv:1909.08053},
  year={2019}
}

@article{narayanan2021efficient,
  title={Efficient large-scale language model training on gpu clusters},
  author={Narayanan, Deepak and Shoeybi, Mohammad and Casper, Jared and LeGresley, Patrick and Patwary, Mostofa and Korthikanti, Vijay Anand and Vainbrand, Dmitri and Kashinkunti, Prethvi and Bernauer, Julie and Catanzaro, Bryan and others},
  journal={arXiv preprint arXiv:2104.04473},
  year={2021}
}

@article{xu2020automatic,
  title={Automatic cross-replica sharding of weight update in data-parallel training},
  author={Xu, Yuanzhong and Lee, HyoukJoong and Chen, Dehao and Choi, Hongjun and Hechtman, Blake and Wang, Shibo},
  journal={arXiv preprint arXiv:2004.13336},
  year={2020}
}

@article{press2020shortformer,
  title={Shortformer: Better language modeling using shorter inputs},
  author={Press, Ofir and Smith, Noah A and Lewis, Mike},
  journal={arXiv preprint arXiv:2012.15832},
  year={2020}
}

@article{dhariwal2020jukebox,
  title={Jukebox: A generative model for music},
  author={Dhariwal, Prafulla and Jun, Heewoo and Payne, Christine and Kim, Jong Wook and Radford, Alec and Sutskever, Ilya},
  journal={arXiv preprint arXiv:2005.00341},
  year={2020}
}

@article{hendrycks2016gelu,
  title={Gaussian Error Linear Units (GELUs)},
  author={Hendrycks, Dan and Gimpel, Kevin},
  journal={arXiv preprint arXiv:1606.08415},
  year={2016}
}

@inproceedings{ott2018scaling,
  title = {Scaling Neural Machine Translation},
  author = {Ott, Myle and Edunov, Sergey and Grangier, David and Auli, Michael},
  booktitle = {Proceedings of the Third Conference on Machine Translation (WMT)},
  year = 2018,
}

@article{lai2017large,
    title={RACE: Large-scale ReAding Comprehension Dataset From Examinations},
    author={Lai, Guokun and Xie, Qizhe and Liu, Hanxiao and Yang, Yiming and Hovy, Eduard},
    journal={arXiv preprint arXiv:1704.04683},  
    year={2017}
}

@inproceedings{bucilua2006model,
  title={Model compression},
  author={Bucilu\v{a}, Cristian and Caruana, Rich and Niculescu-Mizil, Alexandru},
  booktitle={Proceedings of the 12th ACM SIGKDD international conference on Knowledge discovery and data mining},
  pages={535--541},
  year={2006},
  organization={ACM}
}

@article{shen2019learning,
  title={Learning Compressed Sentence Representations for On-Device Text Processing},
  author={Shen, Dinghan and Cheng, Pengyu and Sundararaman, Dhanasekar and Zhang, Xinyuan and Yang, Qian and Tang, Meng and Celikyilmaz, Asli and Carin, Lawrence},
  journal={arXiv preprint arXiv:1906.08340},
  year={2019}
}

@inproceedings{tissier2019near,
  title={Near-lossless binarization of word embeddings},
  author={Tissier, Julien and Gravier, Christophe and Habrard, Amaury},
  booktitle={Proceedings of the AAAI Conference on Artificial Intelligence},
  volume={33},
  pages={7104--7111},
  year={2019}
}

@article{shu2017compressing,
  title={Compressing word embeddings via deep compositional code learning},
  author={Shu, Raphael and Nakayama, Hideki},
  journal={arXiv preprint arXiv:1711.01068},
  year={2017}
}

@inproceedings{reif2019visualizing,
  title={Visualizing and Measuring the Geometry of {BERT}},
  author={Reif, Emily and Yuan, Ann and Wattenberg, Martin and Viegas, Fernanda B and Coenen, Andy and Pearce, Adam and Kim, Been},
  booktitle={Advances in Neural Information Processing Systems},
  pages={8592--8600},
  year={2019}
}

@inproceedings{raganato2017word,
  title={Word sense disambiguation: A unified evaluation framework and empirical comparison},
  author={Raganato, Alessandro and Camacho-Collados, Jose and Navigli, Roberto},
  booktitle={Proceedings of the 15th Conference of the European Chapter of the Association for Computational Linguistics: Volume 1, Long Papers},
  pages={99--110},
  year={2017}
}

@article{liu2021fly,
  title={On-the-Fly Controlled Text Generation with Experts and Anti-Experts},
  author={Liu, Alisa and Sap, Maarten and Lu, Ximing and Swayamdipta, Swabha and Bhagavatula, Chandra and Smith, Noah A and Choi, Yejin},
  journal={arXiv preprint arXiv:2105.03023},
  year={2021}
}

@article{gupta2021chasing,
  title={Chasing Carbon: The Elusive Environmental Footprint of Computing},
  author={Gupta, Udit and Kim, Young Geun and Lee, Sylvia and Tse, Jordan and Lee, Hsien-Hsin S and Wei, Gu-Yeon and Brooks, David and Wu, Carole-Jean},
  journal={IEEE International Symposium on High-Performance Computer Architecture (HPCA 2021)},
  year={2021}
}

@article{schwartz2019green,
  title={Green AI},
  author={Schwartz, Roy and Dodge, Jesse and Smith, Noah A and Etzioni, Oren},
  journal={arXiv preprint arXiv:1907.10597},
  year={2019}
}

@article{strubell2019energy,
  title={Energy and policy considerations for deep learning in NLP},
  author={Strubell, Emma and Ganesh, Ananya and McCallum, Andrew},
  journal={arXiv preprint arXiv:1906.02243},
  year={2019}
}

@article{patterson2021carbon,
  title={Carbon Emissions and Large Neural Network Training},
  author={Patterson, David and Gonzalez, Joseph and Le, Quoc and Liang, Chen and Munguia, Lluis-Miquel and Rothchild, Daniel and So, David and Texier, Maud and Dean, Jeff},
  journal={arXiv preprint arXiv:2104.10350},
  year={2021}
}

@article{jacovi2021contrastive,
  title={Contrastive Explanations for Model Interpretability},
  author={Jacovi, Alon and Swayamdipta, Swabha and Ravfogel, Shauli and Elazar, Yanai and Choi, Yejin and Goldberg, Yoav},
  journal={arXiv preprint arXiv:2103.01378},
  year={2021}
}

@article{zhou2021challenges,
  title={Challenges in automated debiasing for toxic language detection},
  author={Zhou, Xuhui and Sap, Maarten and Swayamdipta, Swabha and Smith, Noah A and Choi, Yejin},
  journal={arXiv preprint arXiv:2102.00086},
  year={2021}
}

@inproceedings{brown2020gpt3,
 author = {Brown, Tom and Mann, Benjamin and Ryder, Nick and Subbiah, Melanie and Kaplan, Jared D and Dhariwal, Prafulla and Neelakantan, Arvind and Shyam, Pranav and Sastry, Girish and Askell, Amanda and Agarwal, Sandhini and Herbert-Voss, Ariel and Krueger, Gretchen and Henighan, Tom and Child, Rewon and Ramesh, Aditya and Ziegler, Daniel and Wu, Jeffrey and Winter, Clemens and Hesse, Chris and Chen, Mark and Sigler, Eric and Litwin, Mateusz and Gray, Scott and Chess, Benjamin and Clark, Jack and Berner, Christopher and McCandlish, Sam and Radford, Alec and Sutskever, Ilya and Amodei, Dario},
 booktitle = {Advances in Neural Information Processing Systems},
 editor = {H. Larochelle and M. Ranzato and R. Hadsell and M. F. Balcan and H. Lin},
 pages = {1877--1901},
 publisher = {Curran Associates, Inc.},
 title = {Language Models are Few-Shot Learners},
 url = {https://proceedings.neurips.cc/paper/2020/file/1457c0d6bfcb4967418bfb8ac142f64a-Paper.pdf},
 volume = {33},
 year = {2020}
}

@article{raffel2020exploring,
  title={Exploring the Limits of Transfer Learning with a Unified Text-to-Text Transformer},
  author={Raffel, Colin and Shazeer, Noam and Roberts, Adam and Lee, Katherine and Narang, Sharan and Matena, Michael and Zhou, Yanqi and Li, Wei and Liu, Peter J},
  journal=jmlr,
  volume={21},
  pages={1--67},
  year={2020}
}

@inproceedings{lan2020albert,
title={ALBERT: A Lite BERT for Self-supervised Learning of Language Representations},
author={Zhenzhong Lan and Mingda Chen and Sebastian Goodman and Kevin Gimpel and Piyush Sharma and Radu Soricut},
booktitle=iclr,
year={2020},
url={https://openreview.net/forum?id=H1eA7AEtvS}
}

@inproceedings{li2020train,
  title={Train Big, Then Compress: Rethinking Model Size for Efficient Training and Inference of Transformers},
  author={Li, Zhuohan and Wallace, Eric and Shen, Sheng and Lin, Kevin and Keutzer, Kurt and Klein, Dan and Gonzalez, Joey},
  booktitle=icml,
  pages={5958--5968},
  year={2020},
  organization={PMLR}
}

@article{kaplan2020scaling,
  title={Scaling laws for neural language models},
  author={Kaplan, Jared and McCandlish, Sam and Henighan, Tom and Brown, Tom B and Chess, Benjamin and Child, Rewon and Gray, Scott and Radford, Alec and Wu, Jeffrey and Amodei, Dario},
  journal={arXiv preprint arXiv:2001.08361},
  year={2020}
}

@inproceedings{lepikhin2021gshard,
title={{GS}hard: Scaling Giant Models with Conditional Computation and Automatic Sharding},
author={Dmitry Lepikhin and HyoukJoong Lee and Yuanzhong Xu and Dehao Chen and Orhan Firat and Yanping Huang and Maxim Krikun and Noam Shazeer and Zhifeng Chen},
booktitle=iclr,
year={2021},
url={https://openreview.net/forum?id=qrwe7XHTmYb}
}

@article{fedus2021switch,
  title={Switch Transformers: Scaling to Trillion Parameter Models with Simple and Efficient Sparsity},
  author={Fedus, William and Zoph, Barret and Shazeer, Noam},
  journal={arXiv preprint arXiv:2101.03961},
  year={2021}
}

@article{goyal2021larger,
  title={Larger-Scale Transformers for Multilingual Masked Language Modeling},
  author={Goyal, Naman and Du, Jingfei and Ott, Myle and Anantharaman, Giri and Conneau, Alexis},
  journal={arXiv preprint arXiv:2105.00572},
  year={2021}
}

@article{lewis2021base,
  title={BASE Layers: Simplifying Training of Large, Sparse Models},
  author={Lewis, Mike and Bhosale, Shruti and Dettmers, Tim and Goyal, Naman and Zettlemoyer, Luke},
  journal={arXiv preprint arXiv:2103.16716},
  year={2021}
}

@inproceedings{bender2021dangers,
  title={On the Dangers of Stochastic Parrots: Can Language Models Be Too Big?},
  author={Bender, Emily M and Gebru, Timnit and McMillan-Major, Angelina and Shmitchell, Shmargaret},
  booktitle={Proceedings of the 2021 ACM Conference on Fairness, Accountability, and Transparency},
  pages={610--623},
  year={2021}
}

@inproceedings{nadeem2020stereoset,
  title={{StereoSet}: Measuring stereotypical bias in pretrained language models},
  author={Nadeem, Moin and Bethke, Anna and Reddy, Siva},
  booktitle=acl,
  year={2021}
}

@inproceedings{nangia2020crowspairs,
  title={CrowS-Pairs: A Challenge Dataset for Measuring Social Biases in Masked Language Models},
  author={Nangia, Nikita and Vania, Clara and Bhalerao, Rasika and Bowman, Samuel},
  booktitle=emnlp,
  year={2020},
  pages={1953-1967}
}