% Mahalanobis
@inproceedings{lee2018simple,
  title={A simple unified framework for detecting out-of-distribution samples and adversarial attacks},
  author={Lee, Kimin and Lee, Kibok and Lee, Honglak and Shin, Jinwoo},
  booktitle={Advances in Neural Information Processing Systems},
  pages={7167--7177},
  year={2018}
}

%ssd
@inproceedings{2021ssd,
  title={SSD:  A Unified Framework for Self-Supervised Outlier Detection},
  author = {Sehwag, Vikash and Chiang, Mung and Mittal, Prateek},
 booktitle={International Conference on Learning Representations},
 year={2021},
}


@article{sun2022knnood,
  title={Out-of-Distribution Detection with Deep Nearest Neighbors},
  author={Sun, Yiyou and Ming, Yifei and Zhu, Xiaojin and Li, Yixuan},
  journal={ICML},
  year={2022}
}

@inproceedings{2020supcon,
 author = {Khosla, Prannay and Teterwak, Piotr and Wang, Chen and Sarna, Aaron and Tian, Yonglong and Isola, Phillip and Maschinot, Aaron and Liu, Ce and Krishnan, Dilip},
 booktitle = {Advances in Neural Information Processing Systems},
 pages = {18661--18673},
 title = {Supervised Contrastive Learning},
 volume = {33},
 year = {2020}
}

% cider
@inproceedings{cider2022ming,
  title={How to Exploit Hyperspherical Embeddings for Out-of-Distribution Detection?},
  author={Ming, Yifei and Sun, Yiyou and Dia, Ousmane and Li, Yixuan},
  booktitle={The Eleventh International Conference on Learning Representations},
  year={2022}
}


@article{kirichenko2020normalizing,
  title={Why Normalizing Flows Fail to Detect Out-of-Distribution Data},
  author={Kirichenko, Polina and Izmailov, Pavel and Wilson, Andrew G},
  journal={Advances in Neural Information Processing Systems},
  volume={33},
  year={2020}
}

@inproceedings{nalisnick2019deep,
  title={Do Deep Generative Models Know What They Don't Know?},
  author={Nalisnick, Eric and Matsukawa, Akihiro and Teh, Yee Whye and Gorur, Dilan and Lakshminarayanan, Balaji},
  booktitle={International Conference on Learning Representations},
  year={2019}
}

@inproceedings{ren2019likelihood,
	title={Likelihood ratios for out-of-distribution detection},
	author={Ren, Jie and Liu, Peter J and Fertig, Emily and Snoek, Jasper and Poplin, Ryan and Depristo, Mark and Dillon, Joshua and Lakshminarayanan, Balaji},
	booktitle={Advances in Neural Information Processing Systems},
	pages={14680--14691},
	year={2019}
}

@inproceedings{
serra2019input,
title={Input Complexity and Out-of-distribution Detection with Likelihood-based Generative Models},
author={Joan Serrà and David Álvarez and Vicenç Gómez and Olga Slizovskaia and José F. Núñez and Jordi Luque},
booktitle={International Conference on Learning Representations},
year={2020}
}

@article{xiao2020likelihood,
  title={Likelihood Regret: An Out-of-Distribution Detection Score For Variational Auto-encoder},
  author={Xiao, Zhisheng and Yan, Qing and Amit, Yali},
  journal={Advances in Neural Information Processing Systems},
  volume={33},
  year={2020}
}


@inproceedings{xiao2010sun,
  title={Sun database: Large-scale scene recognition from abbey to zoo},
  author={Xiao, Jianxiong and Hays, James and Ehinger, Krista A and Oliva, Aude and Torralba, Antonio},
  booktitle={2010 IEEE computer society conference on computer vision and pattern recognition},
  pages={3485--3492},
  year={2010},
  organization={IEEE}
}

@inproceedings{openmax16cvpr,
  title={Towards open set deep networks},
  author={Bendale, Abhijit and Boult, Terrance E},
  booktitle={Proceedings of the IEEE conference on computer vision and pattern recognition},
  pages={1563--1572},
  year={2016}
}

@inproceedings{hendrycks2016baseline,
  title={A Baseline for Detecting Misclassified and Out-of-Distribution Examples in Neural Networks},
  author={Hendrycks, Dan and Gimpel, Kevin},
  booktitle={International Conference on Learning Representations},
  year={2017}
}


@inproceedings{hsu2020generalized,
  title={Generalized odin: Detecting out-of-distribution image without learning from out-of-distribution data},
  author={Hsu, Yen-Chang and Shen, Yilin and Jin, Hongxia and Kira, Zsolt},
  booktitle={Proceedings of the IEEE/CVF Conference on Computer Vision and Pattern Recognition},
  pages={10951--10960},
  year={2020}
}

@article{huang2021mos,
title={Towards Scaling Out-of-distribution Detection for Large Semantic Space},
author={Huang, Rui and Li, Yixuan},
journal={Proceedings of the IEEE/CVF Conference on Computer Vision and Pattern Recognition},
year={2021}
}

% ODIN
@inproceedings{liang2018enhancing,
  title={Enhancing the reliability of out-of-distribution image detection in neural networks},
  author = {Liang, Shiyu and Li, Yixuan and Srikant, R.},
  booktitle={6th International Conference on Learning Representations, ICLR 2018},
  year={2018}
}

@article{liu2020energy,
title={Energy-based Out-of-distribution Detection},
author={Liu, Weitang and Wang, Xiaoyun and Owens, John and Li, Yixuan},
journal={Advances in Neural Information Processing Systems},
year={2020}
}

@inproceedings{sun2021tone,
  title={ReAct: Out-of-distribution Detection With Rectified Activations},
  author={Sun, Yiyou and Guo, Chuan and Li, Yixuan},
  booktitle={Advances in Neural Information Processing Systems},
  year={2021}
}

@inproceedings{ming22a,
  title = 	 {{POEM}: Out-of-Distribution Detection with Posterior Sampling},
  author =       {Ming, Yifei and Fan, Ying and Li, Yixuan},
  booktitle = {Proceedings of the 39th International Conference on Machine Learning},
  pages = 	 {15650--15665},
  year = 	 {2022}
}


@inproceedings{tack2020csi,
  title={CSI: Novelty Detection via Contrastive Learning on Distributionally Shifted Instances},
  author={Jihoon Tack and Sangwoo Mo and Jongheon Jeong and Jinwoo Shin},
  booktitle={Advances in Neural Information Processing Systems},
  year={2020}
}

@inproceedings{ming2022delving,
  title={Delving into Out-of-Distribution Detection with Vision-Language Representations},
  author={Ming, Yifei and Cai, Ziyang and Gu, Jiuxiang and Sun, Yiyou and Li, Wei and Li, Yixuan},
  booktitle={Advances in Neural Information Processing Systems},
  year={2022}
}


@article{winkens2020contrastive,
  title={Contrastive training for improved out-of-distribution detection},
  author={Winkens, Jim and Bunel, Rudy and Roy, Abhijit Guha and Stanforth, Robert and Natarajan, Vivek and Ledsam, Joseph R and MacWilliams, Patricia and Kohli, Pushmeet and Karthikesalingam, Alan and Kohl, Simon and others},
  journal={arXiv preprint arXiv:2007.05566},
  year={2020}
}


@article{krizhevsky2009learning,
  title={Learning multiple layers of features from tiny images},
  author={Krizhevsky, Alex and Hinton, Geoffrey and others},
  year={2009},
  publisher={Citeseer}
}

@article{imagenet,
Author = {Olga Russakovsky and Jia Deng and Hao Su and Jonathan Krause and Sanjeev Satheesh and Sean Ma and Zhiheng Huang and Andrej Karpathy and Aditya Khosla and Michael Bernstein and Alexander C. Berg and Li Fei-Fei},
Title = {{ImageNet Large Scale Visual Recognition Challenge}},
Year = {2015},
journal   = {International Journal of Computer Vision (IJCV)},
doi = {10.1007/s11263-015-0816-y},
volume={115},
number={3},
pages={211-252}
}


@inproceedings{svhn,
  title={Reading digits in natural images with unsupervised feature learning},
  author={Netzer, Yuval and Wang, Tao and Coates, Adam and Bissacco, Alessandro and Wu, Baolin and Ng, Andrew Y and others},
  booktitle={NIPS workshop on deep learning and unsupervised feature learning},
  volume={2011},
  pages={4},
  year={2011},
  organization={Granada}
}

@article{zhou2017places,
	title={Places: A 10 million image database for scene recognition},
	author={Zhou, Bolei and Lapedriza, Agata and Khosla, Aditya and Oliva, Aude and Torralba, Antonio},
	journal={IEEE transactions on pattern analysis and machine intelligence},
	volume={40},
	number={6},
	pages={1452--1464},
	year={2017},
	publisher={IEEE}
}

@inproceedings{texture,
  title={Describing textures in the wild},
  author={Cimpoi, Mircea and Maji, Subhransu and Kokkinos, Iasonas and Mohamed, Sammy and Vedaldi, Andrea},
  booktitle={Proceedings of the IEEE Conference on Computer Vision and Pattern Recognition},
  pages={3606--3613},
  year={2014}
}


@article{lsun,
  title={Lsun: Construction of a large-scale image dataset using deep learning with humans in the loop},
  author={Yu, Fisher and Seff, Ari and Zhang, Yinda and Song, Shuran and Funkhouser, Thomas and Xiao, Jianxiong},
  journal={arXiv preprint arXiv:1506.03365},
  year={2015}
}

@article{isun,
  title={Turkergaze: Crowdsourcing saliency with webcam based eye tracking},
  author={Xu, Pingmei and Ehinger, Krista A and Zhang, Yinda and Finkelstein, Adam and Kulkarni, Sanjeev R and Xiao, Jianxiong},
  journal={arXiv preprint arXiv:1504.06755},
  year={2015}
}

@article{nabirds,
  title={Building a bird recognition app and large scale dataset
with citizen scientists: The fine print in fine-grained dataset
collection},
  author={Grant Van Horn and Steve Branson and Ryan Farrell and Scott Haber and
Jessie Barry and Panos Ipeirotis and Pietro Perona and Serge Belongie},
  year={2015},
  journal={Proceedings of the IEEE Conference on Computer Vision and Pattern Recognition}
}


@inproceedings{nickel2017poincare,
  title={Poincar{\'e} embeddings for learning hierarchical representations},
  author={Nickel, Maximillian and Kiela, Douwe},
  booktitle={Advances in Neural Information Processing Systems},
  pages={6338-6347},
  year={2017}
}

@inproceedings{ganea2018hyperbolic,
  title={Hyperbolic neural networks},
  author={Ganea, Octavian and B{\'e}cigneul, Gary and Hofmann, Thomas},
  booktitle={Advances in Neural Information Processing Systems},
  pages={5345-5355},
  year={2018}
}

@inproceedings{sala2018representation,
  title={Representation tradeoffs for hyperbolic embeddings},
  author={Sala, Frederic and De Sa, Chris and Gu, Albert and R{\'e}, Christopher},
  booktitle={Proceedings of the International Conference on Machine Learning},
  pages={4460-4469},
  year={2018},
}

@inproceedings{khrulkov2020hyperbolic,
  title={Hyperbolic image embeddings},
  author={Khrulkov, Valentin and Mirvakhabova, Leyla and Ustinova, Evgeniya and Oseledets, Ivan and Lempitsky, Victor},
  booktitle={Proceedings of the IEEE/CVF Conference on Computer Vision and Pattern Recognition},
  pages={6418-6428},
  year={2020}
}

@inproceedings{zeng2022learning,
  title={Learning structured representations by embedding class hierarchy},
  author={Zeng, Siqi and des Combes, Remi Tachet and Zhao, Han},
  booktitle={The Eleventh International Conference on Learning Representations},
  year={2022}
}


@article{chen2013hyperbolicity,
  title={On the hyperbolicity of small-world and treelike random graphs},
  author={Chen, Wei and Fang, Wenjie and Hu, Guangda and Mahoney, Michael W},
  journal={Internet Mathematics},
  volume={9},
  number={4},
  pages={434--491},
  year={2013},
  publisher={Taylor \& Francis}
}

@article{ravasz2003hierarchical,
  title={Hierarchical organization in complex networks},
  author={Ravasz, Erzs{\'e}bet and Barab{\'a}si, Albert-L{\'a}szl{\'o}},
  journal={Physical review E},
  volume={67},
  number={2},
  pages={026112},
  year={2003},
  publisher={APS}
}


@InProceedings{DengHEX,
author="Deng, Jia
and Ding, Nan
and Jia, Yangqing
and Frome, Andrea
and Murphy, Kevin
and Bengio, Samy
and Li, Yuan
and Neven, Hartmut
and Adam, Hartwig",
editor="Fleet, David
and Pajdla, Tomas
and Schiele, Bernt
and Tuytelaars, Tinne",
title="Large-Scale Object Classification Using Label Relation Graphs",
booktitle="Computer Vision -- ECCV 2014",
year="2014",
publisher="Springer International Publishing",
address="Cham",
pages="48--64",
}


@inproceedings{HDCNN,
  title={HD-CNN: hierarchical deep convolutional neural networks for large scale visual recognition},
  author={Yan, Zhicheng and Zhang, Hao and Piramuthu, Robinson and Jagadeesh, Vignesh and DeCoste, Dennis and Di, Wei and Yu, Yizhou},
  booktitle={Proceedings of the IEEE international conference on computer vision},
  pages={2740--2748},
  year={2015}
}

@article{guoCNNRNN,
  title={CNN-RNN: a large-scale hierarchical image classification framework},
  author={Guo, Yanming and Liu, Yu and Bakker, Erwin M and Guo, Yuanhao and Lew, Michael S},
  journal={Multimedia tools and applications},
  volume={77},
  number={8},
  pages={10251--10271},
  year={2018},
  publisher={Springer}
}

@article{cpcc,
    title={The comparison of dendrograms by objective methods},
    year={1962},
    journal={Taxon},
    author={Robert R. Sokal and F. James Rohlf}
}

@inproceedings{
gulcehre2018hyperbolic,
title={Hyperbolic Attention Networks},
author={Caglar Gulcehre and Misha Denil and Mateusz Malinowski and Ali Razavi and Razvan Pascanu and Karl Moritz Hermann and Peter Battaglia and Victor Bapst and David Raposo and Adam Santoro and Nando de Freitas},
booktitle={International Conference on Learning Representations},
year={2019},
url={https://openreview.net/forum?id=rJxHsjRqFQ},
}


@inproceedings{dhingra2018embedding,
  title={Embedding Text in Hyperbolic Spaces},
  author={Dhingra, Bhuwan and Shallue, Christopher and Norouzi, Mohammad and Dai, Andrew and Dahl, George},
  booktitle={Proceedings of the Twelfth Workshop on Graph-Based Methods for Natural Language Processing (TextGraphs-12)},
  pages={59--69},
  year={2018}
}

@article{zhang2023openood,
  title={Openood v1. 5: Enhanced benchmark for out-of-distribution detection},
  author={Zhang, Jingyang and Yang, Jingkang and Wang, Pengyun and Wang, Haoqi and Lin, Yueqian and Zhang, Haoran and Sun, Yiyou and Du, Xuefeng and Zhou, Kaiyang and Zhang, Wayne and others},
  journal={arXiv preprint arXiv:2306.09301},
  year={2023}
}

@inproceedings{
song2022rankfeat,
title={RankFeat: Rank-1 Feature Removal for Out-of-distribution Detection},
author={Yue Song and Nicu Sebe and Wei Wang},
booktitle={Advances in Neural Information Processing Systems},
editor={Alice H. Oh and Alekh Agarwal and Danielle Belgrave and Kyunghyun Cho},
year={2022},
url={https://openreview.net/forum?id=-deKNiSOXLG}
}

@inproceedings{wei2022mitigating,
  title={Mitigating Neural Network Overconfidence with Logit Normalization},
  author={Wei, Hongxin and Xie, Renchunzi and Cheng, Hao and Feng, Lei and An, Bo and Li, Yixuan},
  booktitle={ICML},
  year={2022}
}

@inproceedings{
oe18nips,
title={Deep Anomaly Detection with Outlier Exposure},
author={Dan Hendrycks and Mantas Mazeika and Thomas Dietterich},
booktitle={International Conference on Learning Representations},
year={2019},
url={https://openreview.net/forum?id=HyxCxhRcY7},
}


@InProceedings{mixoe23wacv,
    author    = {Zhang, Jingyang and Inkawhich, Nathan and Linderman, Randolph and Chen, Yiran and Li, Hai},
    title     = {Mixture Outlier Exposure: Towards Out-of-Distribution Detection in Fine-Grained Environments},
    booktitle = {Proceedings of the IEEE/CVF Winter Conference on Applications of Computer Vision (WACV)},
    month     = {January},
    year      = {2023},
    pages     = {5531-5540}
}

@inproceedings{
geirhos2018imagenettrained,
title={ImageNet-trained {CNN}s are biased towards texture; increasing shape bias improves accuracy and robustness.},
author={Robert Geirhos and Patricia Rubisch and Claudio Michaelis and Matthias Bethge and Felix A. Wichmann and Wieland Brendel},
booktitle={International Conference on Learning Representations},
year={2019},
url={https://openreview.net/forum?id=Bygh9j09KX},
}

@article{hendrycks2020augmix,
  title={{AugMix}: A Simple Data Processing Method to Improve Robustness and Uncertainty},
  author={Hendrycks, Dan and Mu, Norman and Cubuk, Ekin D. and Zoph, Barret and Gilmer, Justin and Lakshminarayanan, Balaji},
  journal={Proceedings of the International Conference on Learning Representations},
  year={2020}
}

@inproceedings{
pinto2022using,
title={Using Mixup as a Regularizer Can Surprisingly Improve Accuracy \& Out-of-Distribution Robustness},
author={Francesco Pinto and Harry Yang and Ser-Nam Lim and Philip Torr and Puneet K. Dokania},
booktitle={Advances in Neural Information Processing Systems},
editor={Alice H. Oh and Alekh Agarwal and Danielle Belgrave and Kyunghyun Cho},
year={2022},
url={https://openreview.net/forum?id=5j6fWcPccO}
}


@misc{iclr16CL,
  doi = {10.48550/ARXIV.1511.04103},
  
  url = {https://arxiv.org/abs/1511.04103},
  
  author = {Wang, Panqu and Cottrell, Garrison W.},
  
  keywords = {Computer Vision and Pattern Recognition (cs.CV), FOS: Computer and information sciences, FOS: Computer and information sciences},
  
  title = {Basic Level Categorization Facilitates Visual Object Recognition},
  
  publisher = {arXiv},
  
  year = {2015},
  
  copyright = {arXiv.org perpetual, non-exclusive license}
}

@inproceedings{taherkhani2019weakly,
  title={A weakly supervised fine label classifier enhanced by coarse supervision},
  author={Taherkhani, Fariborz and Kazemi, Hadi and Dabouei, Ali and Dawson, Jeremy and Nasrabadi, Nasser M},
  booktitle={Proceedings of the IEEE/CVF International Conference on Computer Vision},
  pages={6459--6468},
  year={2019}
}

@inproceedings{lei2017weakly,
  title={Weakly supervised image classification with coarse and fine labels},
  author={Lei, Jie and Guo, Zhenyu and Wang, Yang},
  booktitle={2017 14th Conference on Computer and Robot Vision (CRV)},
  pages={240--247},
  year={2017},
  organization={IEEE}
}


@INPROCEEDINGS{semantivisualHierarchy,  
author={Li, Li-Jia and Wang, Chong and Lim, Yongwhan and Blei, David M. and Fei-Fei, Li},  
booktitle={2010 IEEE Computer Society Conference on Computer Vision and Pattern Recognition},   
title={Building and using a semantivisual image hierarchy},   
year={2010},  
volume={},  
number={},  
pages={3336-3343},  
doi={10.1109/CVPR.2010.5540027}}


@article{ZHENG201797,
title = {Hierarchical learning of multi-task sparse metrics for large-scale image classification},
journal = {Pattern Recognition},
volume = {67},
pages = {97-109},
year = {2017},
issn = {0031-3203},
doi = {https://doi.org/10.1016/j.patcog.2017.01.029},
url = {https://www.sciencedirect.com/science/article/pii/S0031320317300377},
author = {Yu Zheng and Jianping Fan and Ji Zhang and Xinbo Gao},
keywords = {Hierarchical multi-task sparse metric learning, Visual tree, Large-scale image classification},
}

@inproceedings{hoffmann2022ranking,
  title={Ranking Info Noise Contrastive Estimation: Boosting Contrastive Learning via Ranked Positives},
  author={Hoffmann, David T and Behrmann, Nadine and Gall, Juergen and Brox, Thomas and Noroozi, Mehdi},
  booktitle={AAAI Conference on Artificial Intelligence},
  year={2022}
}

@InProceedings{nickel2018learning,
  title = 	 {Learning Continuous Hierarchies in the {L}orentz Model of Hyperbolic Geometry},
  author =       {Nickel, Maximillian and Kiela, Douwe},
  booktitle = 	 {Proceedings of the 35th International Conference on Machine Learning},
  pages = 	 {3779--3788},
  year = 	 {2018},
  editor = 	 {Dy, Jennifer and Krause, Andreas},
  volume = 	 {80},
  series = 	 {Proceedings of Machine Learning Research},
  month = 	 {10--15 Jul},
  publisher =    {PMLR},
  pdf = 	 {http://proceedings.mlr.press/v80/nickel18a/nickel18a.pdf},
  url = 	 {https://proceedings.mlr.press/v80/nickel18a.html},
}

@inproceedings{yan2021unsupervised,
  title={Unsupervised hyperbolic metric learning},
  author={Yan, Jiexi and Luo, Lei and Deng, Cheng and Huang, Heng},
  booktitle={Proceedings of the IEEE/CVF Conference on Computer Vision and Pattern Recognition},
  pages={12465--12474},
  year={2021}
}


@article{yue2023hyperbolic,
  title={Hyperbolic Contrastive Learning},
  author={Yue, Yun and Lin, Fangzhou and Yamada, Kazunori D and Zhang, Ziming},
  journal={arXiv preprint arXiv:2302.01409},
  year={2023}
}


@inproceedings{ermolov2022hyperbolic,
  title={Hyperbolic vision transformers: Combining improvements in metric learning},
  author={Ermolov, Aleksandr and Mirvakhabova, Leyla and Khrulkov, Valentin and Sebe, Nicu and Oseledets, Ivan},
  booktitle={Proceedings of the IEEE/CVF Conference on Computer Vision and Pattern Recognition},
  pages={7409--7419},
  year={2022}
}

@inproceedings{liu2020hyperbolic,
  title={Hyperbolic visual embedding learning for zero-shot recognition},
  author={Liu, Shaoteng and Chen, Jingjing and Pan, Liangming and Ngo, Chong-Wah and Chua, Tat-Seng and Jiang, Yu-Gang},
  booktitle={Proceedings of the IEEE/CVF conference on computer vision and pattern recognition},
  pages={9273--9281},
  year={2020}
}


@inproceedings{lang2022hyperbolic,
  title={On Hyperbolic Embeddings in Object Detection},
  author={Lang, Christopher and Braun, Alexander and Schillingmann, Lars and Valada, Abhinav},
  booktitle={Pattern Recognition: 44th DAGM German Conference, DAGM GCPR 2022, Konstanz, Germany, September 27--30, 2022, Proceedings},
  pages={462--476},
  year={2022},
  organization={Springer}
}

@article{ge2022hyperbolic,
  title={Hyperbolic Contrastive Learning for Visual Representations beyond Objects},
  author={Ge, Songwei and Mishra, Shlok and Kornblith, Simon and Li, Chun-Liang and Jacobs, David},
  journal={arXiv preprint arXiv:2212.00653},
  year={2022}
}




@inproceedings{shimizu2020hyperbolic,
  title={Hyperbolic Neural Networks++},
  author={Shimizu, Ryohei and Mukuta, Yusuke and Harada, Tatsuya},
  booktitle={International Conference on Learning Representations},
  year={2020}
}

@inproceedings{dai2021hyperbolic,
  title={A hyperbolic-to-hyperbolic graph convolutional network},
  author={Dai, Jindou and Wu, Yuwei and Gao, Zhi and Jia, Yunde},
  booktitle={Proceedings of the IEEE/CVF conference on computer vision and pattern recognition},
  pages={154--163},
  year={2021}
}



@article{mathieu2019continuous,
  title={Continuous hierarchical representations with poincar{\'e} variational auto-encoders},
  author={Mathieu, Emile and Le Lan, Charline and Maddison, Chris J and Tomioka, Ryota and Teh, Yee Whye},
  journal={Advances in neural information processing systems},
  volume={32},
  year={2019}
}


@article{Cadima_Calheiros_Preto_2010, title={The eigenstructure of block-structured correlation matrices and its implications for principal component analysis}, volume={37}, ISSN={0266-4763, 1360-0532}, number={4}, journal={Journal of Applied Statistics}, author={Cadima, Jorge and Calheiros, Francisco Lage and Preto, Isabel P.}, year={2010}, month=apr, pages={577–589}, language={en} }

@book{Horn_Johnson_2012, address={Cambridge; New York}, edition={2nd ed}, title={Matrix analysis}, ISBN={978-0-521-83940-2}, callNumber={QA188 .H66 2012}, abstractNote={“The thoroughly revised and updated second edition of this acclaimed text has several new and expanded sections and more than 1,100 exercises”--}, publisher={Cambridge University Press}, author={Horn, Roger A. and Johnson, Charles R.}, year={2012}, language={en} }

 @article{Weyl_1912, title={Das asymptotische Verteilungsgesetz der Eigenwerte linearer partieller Differentialgleichungen (mit einer Anwendung auf die Theorie der Hohlraumstrahlung)}, volume={71}, ISSN={1432-1807}, DOI={10.1007/BF01456804}, number={4}, journal={Mathematische Annalen}, author={Weyl, Hermann}, year={1912}, month=dec, pages={441–479}, language={de} }

@article{TSNE,
  title={Visualizing data using t-SNE.},
  author={Van der Maaten, Laurens and Hinton, Geoffrey},
  journal={Journal of machine learning research},
  volume={9},
  number={11},
  year={2008}
}

 @inbook{Sarkar_2012, address={Berlin, Heidelberg}, series={Lecture Notes in Computer Science}, title={Low Distortion Delaunay Embedding of Trees in Hyperbolic Plane}, volume={7034}, ISBN={978-3-642-25877-0}, url={http://link.springer.com/10.1007/978-3-642-25878-7_34}, DOI={10.1007/978-3-642-25878-7_34}, abstractNote={This paper considers the problem of embedding trees into the hyperbolic plane. We show that any tree can be realized as the Delaunay graph of its embedded vertices. Particularly, a weighted tree can be embedded such that the weight on each edge is realized as the hyperbolic distance between its embedded vertices. Thus the embedding preserves the metric information of the tree along with its topology. Further, the distance distortion between non adjacent vertices can be made arbitrarily small – less than a (1 + ε) factor for any given ε. Existing results on low distortion of embedding discrete metrics into trees carry over to hyperbolic metric through this result. The Delaunay character implies useful properties such as guaranteed greedy routing and realization as minimum spanning trees.}, booktitle={Graph Drawing}, publisher={Springer Berlin Heidelberg}, author={Sarkar, Rik}, year={2012}, pages={355–366}, collection={Lecture Notes in Computer Science}, language={en} }


@article{nauata2019structured,
  title={Structured label inference for visual understanding},
  author={Nauata, Nelson and Hu, Hexiang and Zhou, Guang-Tong and Deng, Zhiwei and Liao, Zicheng and Mori, Greg},
  journal={IEEE transactions on pattern analysis and machine intelligence},
  volume={42},
  number={5},
  pages={1257--1271},
  year={2019},
  publisher={IEEE}
}




@inproceedings{cubuk2019autoaugment,
  title={Autoaugment: Learning augmentation strategies from data},
  author={Cubuk, Ekin D and Zoph, Barret and Mane, Dandelion and Vasudevan, Vijay and Le, Quoc V},
  booktitle={Proceedings of the IEEE/CVF conference on computer vision and pattern recognition},
  pages={113--123},
  year={2019},
}

@inproceedings{cubuk1909randaugment,
 author = {Cubuk, Ekin Dogus and Zoph, Barret and Shlens, Jon and Le, Quoc},
 booktitle = {Advances in Neural Information Processing Systems},
 editor = {H. Larochelle and M. Ranzato and R. Hadsell and M.F. Balcan and H. Lin},
 pages = {18613--18624},
 publisher = {Curran Associates, Inc.},
 title = {RandAugment: Practical Automated Data Augmentation with a Reduced Search Space},
 url = {https://proceedings.neurips.cc/paper_files/paper/2020/file/d85b63ef0ccb114d0a3bb7b7d808028f-Paper.pdf},
 volume = {33},
 year = {2020}
}


@article{kolesnikov2019large,
  title={Large scale learning of general visual representations for transfer},
  author={Kolesnikov, Alexander and Beyer, Lucas and Zhai, Xiaohua and Puigcerver, Joan and Yung, Jessica and Gelly, Sylvain and Houlsby, Neil},
  journal={arXiv preprint arXiv:1912.11370},
  volume={2},
  number={8},
  year={2019},
  publisher={arXiv}
}

@inproceedings{xie2020self,
  title={Self-training with noisy student improves imagenet classification},
  author={Xie, Qizhe and Luong, Minh-Thang and Hovy, Eduard and Le, Quoc V},
  booktitle={Proceedings of the IEEE/CVF conference on computer vision and pattern recognition},
  pages={10687--10698},
  year={2020}
}




@inproceedings{chen2020simple,
  title={A simple framework for contrastive learning of visual representations},
  author={Chen, Ting and Kornblith, Simon and Norouzi, Mohammad and Hinton, Geoffrey},
  booktitle={International conference on machine learning},
  pages={1597--1607},
  year={2020},
  organization={PMLR}
}

@inproceedings{wu2018unsupervised,
  title={Unsupervised feature learning via non-parametric instance discrimination},
  author={Wu, Zhirong and Xiong, Yuanjun and Yu, Stella X and Lin, Dahua},
  booktitle={Proceedings of the IEEE conference on computer vision and pattern recognition},
  pages={3733--3742},
  year={2018}
}

@inproceedings{henaff2020data,
  title={Data-efficient image recognition with contrastive predictive coding},
  author={Henaff, Olivier},
  booktitle={International conference on machine learning},
  pages={4182--4192},
  year={2020},
  organization={PMLR}
}

@inproceedings{tian2020contrastive,
  title={Contrastive multiview coding},
  author={Tian, Yonglong and Krishnan, Dilip and Isola, Phillip},
  booktitle={Computer Vision--ECCV 2020: 16th European Conference, Glasgow, UK, August 23--28, 2020, Proceedings, Part XI 16},
  pages={776--794},
  year={2020},
  organization={Springer}
}


@inproceedings{
hjelm2018learning,
title={Learning deep representations by mutual information estimation and maximization},
author={R Devon Hjelm and Alex Fedorov and Samuel Lavoie-Marchildon and Karan Grewal and Phil Bachman and Adam Trischler and Yoshua Bengio},
booktitle={International Conference on Learning Representations},
year={2019},
url={https://openreview.net/forum?id=Bklr3j0cKX},
}

@inproceedings{he2020momentum,
  title={Momentum contrast for unsupervised visual representation learning},
  author={He, Kaiming and Fan, Haoqi and Wu, Yuxin and Xie, Saining and Girshick, Ross},
  booktitle={Proceedings of the IEEE/CVF conference on computer vision and pattern recognition},
  pages={9729--9738},
  year={2020}
}


@article{sukhbaatar2014training,
  title={Training convolutional networks with noisy labels},
  author={Sukhbaatar, Sainbayar and Bruna, Joan and Paluri, Manohar and Bourdev, Lubomir and Fergus, Rob},
  journal={arXiv preprint arXiv:1406.2080},
  year={2014}
}

@article{zhang2018generalized,
  title={Generalized cross entropy loss for training deep neural networks with noisy labels},
  author={Zhang, Zhilu and Sabuncu, Mert},
  journal={Advances in neural information processing systems},
  volume={31},
  year={2018}
}

@article{elsayed2018large,
  title={Large margin deep networks for classification},
  author={Elsayed, Gamaleldin and Krishnan, Dilip and Mobahi, Hossein and Regan, Kevin and Bengio, Samy},
  journal={Advances in neural information processing systems},
  volume={31},
  year={2018}
}

@inproceedings{liu2016large,
  title={Large-Margin Softmax Loss for Convolutional Neural Networks},
  author={Liu, Weiyang and Wen, Yandong and Yu, Zhiding and Yang, Meng},
  booktitle={International Conference on Machine Learning},
  pages={507--516},
  year={2016},
  organization={PMLR}
}

@inproceedings{noor2022capsule,
  title={A Capsule Network for Hierarchical Multi-label Image Classification},
  author={Noor, Khondaker Tasrif and Robles-Kelly, Antonio and Kusy, Brano},
  booktitle={Joint IAPR International Workshops on Statistical Techniques in Pattern Recognition (SPR) and Structural and Syntactic Pattern Recognition (SSPR)},
  pages={163--172},
  year={2022},
  organization={Springer}
}

@inproceedings{davis2021hierarchical,
  title={Hierarchical classification with confidence using generalized logits},
  author={Davis, Jim and Liang, Tong and Enouen, James and Ilin, Roman},
  booktitle={2020 25th International Conference on Pattern Recognition (ICPR)},
  pages={1874--1881},
  year={2021},
  organization={IEEE}
}

@inproceedings{dhall2020hierarchical,
  title={Hierarchical image classification using entailment cone embeddings},
  author={Dhall, Ankit and Makarova, Anastasia and Ganea, Octavian and Pavllo, Dario and Greeff, Michael and Krause, Andreas},
  booktitle={Proceedings of the IEEE/CVF conference on computer vision and pattern recognition workshops},
  pages={836--837},
  year={2020}
}

@inproceedings{li2023euclidean,
  title={The euclidean space is evil: hyperbolic attribute editing for few-shot image generation},
  author={Li, Lingxiao and Zhang, Yi and Wang, Shuhui},
  booktitle={Proceedings of the IEEE/CVF International Conference on Computer Vision},
  pages={22714--22724},
  year={2023}
}

@article{2010hyperbolic,
  title={Hyperbolic geometry of complex networks},
  author={Krioukov, Dmitri and Papadopoulos, Fragkiskos and Kitsak, Maksim and Vahdat, Amin and Bogun{\'a}, Mari{\'a}n},
  journal={Physical Review E},
  volume={82},
  number={3},
  pages={036106},
  year={2010},
  publisher={APS}
}


@inproceedings{chami2020low,
  title={Low-Dimensional Hyperbolic Knowledge Graph Embeddings},
  author={Chami, Ines and Wolf, Adva and Juan, Da-Cheng and Sala, Frederic and Ravi, Sujith and R{\'e}, Christopher},
  booktitle={Proceedings of the 58th Annual Meeting of the Association for Computational Linguistics},
  pages={6901--6914},
  year={2020}
}


@InProceedings{Horn_2018_CVPR,
author = {Van Horn, Grant and Mac Aodha, Oisin and Song, Yang and Cui, Yin and Sun, Chen and Shepard, Alex and Adam, Hartwig and Perona, Pietro and Belongie, Serge},
title = {The INaturalist Species Classification and Detection Dataset},
booktitle = {Proceedings of the IEEE Conference on Computer Vision and Pattern Recognition (CVPR)},
month = {June},
year = {2018}
}

@article{caron2020unsupervised,
  title={Unsupervised learning of visual features by contrasting cluster assignments},
  author={Caron, Mathilde and Misra, Ishan and Mairal, Julien and Goyal, Priya and Bojanowski, Piotr and Joulin, Armand},
  journal={Advances in neural information processing systems},
  volume={33},
  pages={9912--9924},
  year={2020}
}

@inproceedings{zhuang2019local,
  title={Local aggregation for unsupervised learning of visual embeddings},
  author={Zhuang, Chengxu and Zhai, Alex Lin and Yamins, Daniel},
  booktitle={Proceedings of the IEEE/CVF international conference on computer vision},
  pages={6002--6012},
  year={2019}
}

@article{van2008visualizing,
  title={Visualizing data using t-SNE.},
  author={Van der Maaten, Laurens and Hinton, Geoffrey},
  journal={Journal of machine learning research},
  volume={9},
  number={11},
  year={2008}
}


@inproceedings{adcock2013tree,
  title={Tree-like structure in large social and information networks},
  author={Adcock, Aaron B and Sullivan, Blair D and Mahoney, Michael W},
  booktitle={2013 IEEE 13th international conference on data mining},
  pages={1--10},
  year={2013},
  organization={IEEE}
}

@article{jonckheere2008scaled,
  title={Scaled Gromov hyperbolic graphs},
  author={Jonckheere, Edmond and Lohsoonthorn, Poonsuk and Bonahon, Francis},
  journal={Journal of Graph Theory},
  volume={57},
  number={2},
  pages={157--180},
  year={2008},
  publisher={Wiley Online Library}
}

@inproceedings{santurkar2021breeds,
  title     = {BREEDS: Benchmarks for Subpopulation Shift},
  author    = {Shibani Santurkar and Dimitris Tsipras and Aleksander Madry},
  booktitle = {International Conference on Learning Representations},
  year      = {2021},
  url       = {https://openreview.net/forum?id=mQPBmvyAuk}
}

@article{mcinnes2018umap,
  title={Umap: Uniform manifold approximation and projection for dimension reduction},
  author={McInnes, Leland and Healy, John and Melville, James},
  journal={arXiv preprint arXiv:1802.03426},
  year={2018}
}

 @book{McLean_Urken_Hewitt_1995, title={Classics of social choice}, ISBN={978-0-472-10450-5}, url={https://books.google.com/books?id=0QPv9cg3g-sC}, publisher={University of Michigan Press}, author={McLean, I. and Urken, A.B. and Hewitt, F.}, year={1995} }


@book{wordnet,
title = {WordNet: An Electronic Lexical Database},
    author = {Christiane Fellbaum},
    year = {1998},
    publisher = {Bradford Books},
  }


@inproceedings{kim2020proxy,
  title={Proxy anchor loss for deep metric learning},
  author={Kim, Sungyeon and Kim, Dongwon and Cho, Minsu and Kwak, Suha},
  booktitle={Proceedings of the IEEE/CVF conference on computer vision and pattern recognition},
  pages={3238--3247},
  year={2020}
}


@inproceedings{suzuki2021generalization,
  title={Generalization error bound for hyperbolic ordinal embedding},
  author={Suzuki, Atsushi and Nitanda, Atsushi and Wang, Jing and Xu, Linchuan and Yamanishi, Kenji and Cavazza, Marc},
  booktitle={International Conference on Machine Learning},
  pages={10011--10021},
  year={2021},
  organization={PMLR}
}

@inproceedings{mishne2023numerical,
  title={The numerical stability of hyperbolic representation learning},
  author={Mishne, Gal and Wan, Zhengchao and Wang, Yusu and Yang, Sheng},
  booktitle={International Conference on Machine Learning},
  pages={24925--24949},
  year={2023},
  organization={PMLR}
}

@inproceedings{he2015deep,
  title={Deep residual learning for image recognition},
  author={He, Kaiming and Zhang, Xiangyu and Ren, Shaoqing and Sun, Jian},
  booktitle={Proceedings of the IEEE conference on computer vision and pattern recognition},
  pages={770--778},
  year={2016}
}


@InProceedings{Long_2020_CVPR,
author = {Long, Teng and Mettes, Pascal and Shen, Heng Tao and Snoek, Cees G. M.},
title = {Searching for Actions on the Hyperbole},
booktitle = {Proceedings of the IEEE/CVF Conference on Computer Vision and Pattern Recognition (CVPR)},
month = {June},
year = {2020}
}

@article{cannon1997hyperbolic,
  title={Hyperbolic geometry},
  author={Cannon, James W and Floyd, William J and Kenyon, Richard and Parry, Walter R and others},
  journal={Flavors of geometry},
  volume={31},
  number={59-115},
  pages={2},
  year={1997},
  publisher={Citeseer}
}


@article{ungar2001hyperbolic,
  title={Hyperbolic trigonometry and its application in the poincar{\'e} ball model of hyperbolic geometry},
  author={Ungar, Abraham A},
  journal={Computers \& Mathematics with Applications},
  volume={41},
  number={1-2},
  pages={135--147},
  year={2001},
  publisher={Elsevier}
}

@incollection{gromov1987hyperbolic,
  title={Hyperbolic groups},
  author={Gromov, Mikhael},
  booktitle={Essays in group theory},
  pages={75--263},
  year={1987},
  publisher={Springer}
}

@inproceedings{guo2022clipped,
  title={Clipped hyperbolic classifiers are super-hyperbolic classifiers},
  author={Guo, Yunhui and Wang, Xudong and Chen, Yubei and Yu, Stella X},
  booktitle={Proceedings of the IEEE/CVF Conference on Computer Vision and Pattern Recognition},
  pages={11--20},
  year={2022}
}