@article{geirhos2020shortcut,
  author    = {Robert Geirhos and
               J{\"{o}}rn{-}Henrik Jacobsen and
               Claudio Michaelis and
               Richard S. Zemel and
               Wieland Brendel and
               Matthias Bethge and
               Felix A. Wichmann},
  title     = {Shortcut learning in deep neural networks},
  journal   = {Nature Machine Intelligence},
  volume    = {2},
  number    = {11},
  pages     = {665--673},
  year      = {2020},
}

@inproceedings{ning2023ddpmip,
  author       = {Mang Ning and
                  Enver Sangineto and
                  Angelo Porrello and
                  Simone Calderara and
                  Rita Cucchiara},
  title        = {Input Perturbation Reduces Exposure Bias in Diffusion Models},
  booktitle    = {Proceedings of the International Conference on Machine Learning ({ICML})},
  pages        = {26245--26265},
  year         = {2023},
}

@inproceedings{guo2018tvm,
  author       = {Chuan Guo and
                  Mayank Rana and
                  Moustapha Ciss{\'{e}} and
                  Laurens van der Maaten},
  title        = {Countering Adversarial Images using Input Transformations},
  booktitle    = {Proceedings of the 6th International Conference on Learning Representations ({ICLR})},
  year         = {2018},
}

@inproceedings{dixit2022data,
  author       = {Evani Radiya{-}Dixit and
                  Sanghyun Hong and
                  Nicholas Carlini and
                  Florian Tram{\`{e}}r},
  title        = {Data Poisoning Won't Save You From Facial Recognition},
  booktitle    = {Proceedings of the 10th International Conference on Learning Representations ({ICLR})},
  year         = {2022},
}

@inproceedings{fowl2021tap,
  author    = {Liam Fowl and
               Micah Goldblum and
               Ping{-}yeh Chiang and
               Jonas Geiping and
               Wojciech Czaja and
               Tom Goldstein},
  title     = {Adversarial Examples Make Strong Poisons},
  booktitle = {Proceedings of the Advances in Neural Information Processing Systems 34: Annual Conference
               on Neural Information Processing Systems ({NeurIPS})},
  pages     = {30339--30351},
  year      = {2021},
}

@article{azizi2023imagenet,
  author       = {Shekoofeh Azizi and
                  Simon Kornblith and
                  Chitwan Saharia and
                  Mohammad Norouzi and
                  David J. Fleet},
  title        = {Synthetic Data from Diffusion Models Improves ImageNet Classification},
  journal      = {CoRR},
  volume       = {abs/2304.08466},
  year         = {2023},
}

@InProceedings{wang2023better,
  title     = {Better Diffusion Models Further Improve Adversarial Training},
  author    = {Wang, Zekai and Pang, Tianyu and Du, Chao and Lin, Min and Liu, Weiwei and Yan, Shuicheng},
  booktitle = {Proceedings of the 40th International Conference on Machine Learning ({ICML})},
  year      = {2023},
}

@InProceedings{liu2023image,
  title     = {Image shortcut squeezing: Countering perturbative availability poisons with compression},
  author    = {Liu, Zhuoran and Zhao, Zhengyu and Larson, Martha},
  booktitle = {Proceedings of the 40th International Conference on Machine Learning ({ICML})},
  year      = {2023},
}

@inproceedings{yuan2021ntga,
  author    = {Chia{-}Hung Yuan and
               Shan{-}Hung Wu},
  title     = {Neural Tangent Generalization Attacks},
  booktitle = {Proceedings of the 38th International Conference on Machine Learning ({ICML})},
  pages     = {12230--12240},
  year      = {2021},
}

@article{wang2018additive,
  author       = {Feng Wang and
                  Jian Cheng and
                  Weiyang Liu and
                  Haijun Liu},
  title        = {Additive Margin Softmax for Face Verification},
  journal      = {{IEEE} Signal Processing Letters},
  volume       = {25},
  number       = {7},
  pages        = {926--930},
  year         = {2018},
}

@inproceedings{shan2023glaze,
  author       = {Shawn Shan and
                  Jenna Cryan and
                  Emily Wenger and
                  Haitao Zheng and
                  Rana Hanocka and
                  Ben Y. Zhao},
  title        = {Glaze: Protecting Artists from Style Mimicry by Text-to-Image Models},
  booktitle    = {Proceedings of the {USENIX} Security Symposium},
  pages        = {2187--2204},
  year         = {2023},
}

@InProceedings{lee2023robust,
    author    = {Lee, Minjong and Kim, Dongwoo},
    title     = {Robust Evaluation of Diffusion-Based Adversarial Purification},
    booktitle = {Proceedings of the IEEE/CVF International Conference on Computer Vision (ICCV)},
    year      = {2023},
    pages     = {134-144}
}

@inproceedings{cohen2019randomized,
  author       = {Jeremy Cohen and
                  Elan Rosenfeld and
                  J. Zico Kolter},
  title        = {Certified Adversarial Robustness via Randomized Smoothing},
  booktitle    = {Proceedings of the International Conference on Machine Learning ({ICML})},
  pages        = {1310--1320},
  year         = {2019},
}

@inproceedings{nichol2021improved,
  author    = {Alexander Quinn Nichol and
               Prafulla Dhariwal},
  title     = {Improved Denoising Diffusion Probabilistic Models},
  booktitle = {Proceedings of the 38th International Conference on Machine Learning ({ICML})},
  pages     = {8162--8171},
  year      = {2021},
}

@inproceedings{song2021scoresde,
  author    = {Yang Song and
               Jascha Sohl{-}Dickstein and
               Diederik P. Kingma and
               Abhishek Kumar and
               Stefano Ermon and
               Ben Poole},
  title     = {Score-Based Generative Modeling through Stochastic Differential Equations},
  booktitle = {Procceding of the 9th International Conference on Learning Representations ({ICLR})},
  year      = {2021},
}

@inproceedings{tran2018ss,
  author    = {Brandon Tran and
               Jerry Li and
               Aleksander Madry},
  title     = {Spectral Signatures in Backdoor Attacks},
  booktitle = {Proceedings of the Advances in Neural Information Processing Systems 31: Annual Conference on Neural Information Processing Systems (NeurIPS)},
  pages     = {8011--8021},
  year      = {2018},
}

@inproceedings{zhang2019trades,
  author    = {Hongyang Zhang and
               Yaodong Yu and
               Jiantao Jiao and
               Eric P. Xing and
               Laurent El Ghaoui and
               Michael I. Jordan},
  title     = {Theoretically Principled Trade-off between Robustness and Accuracy},
  booktitle = {Proceedings of the 36th International Conference on Machine Learning ({ICML})},
  pages     = {7472--7482},
  year      = {2019},
}

@inproceedings{dolatabadi2022collider,
  author    = {Hadi M. Dolatabadi and
               Sarah M. Erfani and
               Christopher Leckie},
  title     = {{COLLIDER:} {A} Robust Training Framework for Backdoor Data},
  booktitle = {Proceedings of the 16th Asian Conference on Computer Vision ({ACCV})},
  pages     = {681--698},
  year      = {2022},
}

@inproceedings{dolatabadi2022ellinf,
  author    = {Hadi M. Dolatabadi and
               Sarah M. Erfani and
               Christopher Leckie},
  title     = {$\ell_\infty$-Robustness and Beyond:
               Unleashing Efficient Adversarial Training},
  booktitle = {Proceedings of the 17th European Conference on Computer Vision ({ECCV})},
  pages     = {467--483},
  year      = {2022},
}

@inproceedings{song2020improved,
  author    = {Yang Song and
               Stefano Ermon},
  title     = {Improved Techniques for Training Score-Based Generative Models},
  booktitle = {Advances in Neural Information Processing Systems 33: Annual Conference
               on Neural Information Processing Systems ({NeurIPS})},
  pages     = {12438--12448},
  year      = {2020},
}

@inproceedings{ho2020ddpm,
  author    = {Jonathan Ho and
               Ajay Jain and
               Pieter Abbeel},
  title     = {Denoising Diffusion Probabilistic Models},
  booktitle = {Advances in Neural Information Processing Systems 33: Annual Conference
               on Neural Information Processing Systems ({NeurIPS})},
  year      = {2020},
}

@inproceedings{song2019generative,
  author    = {Yang Song and
               Stefano Ermon},
  title     = {Generative Modeling by Estimating Gradients of the Data Distribution},
  booktitle = {Advances in Neural Information Processing Systems 32: Annual Conference
               on Neural Information Processing Systems ({NeurIPS})},
  pages     = {11895--11907},
  year      = {2019},
}

@inproceedings{fu2022remn,
  author    = {Shaopeng Fu and
               Fengxiang He and
               Yang Liu and
               Li Shen and
               Dacheng Tao},
  title     = {Robust Unlearnable Examples: Protecting Data Privacy Against Adversarial
               Learning},
  booktitle = {Proceedings of the 10th International Conference on Learning Representations ({ICLR})},
  year      = {2022},
}

@inproceedings{huang2021emn,
  author    = {Hanxun Huang and
               Xingjun Ma and
               Sarah Monazam Erfani and
               James Bailey and
               Yisen Wang},
  title     = {Unlearnable Examples: Making Personal Data Unexploitable},
  booktitle = {Proceedings of the 9th International Conference on Learning Representations ({ICLR})},
  year      = {2021},
}

@inproceedings{yu2022shr,
  author    = {Da Yu and
               Huishuai Zhang and
               Wei Chen and
               Jian Yin and
               Tie{-}Yan Liu},
  title     = {Availability Attacks Create Shortcuts},
  booktitle = {Proceedings of the 28th {ACM} {SIGKDD} Conference on Knowledge Discovery
               and Data Mining},
  pages     = {2367--2376},
  year      = {2022},
}

@inproceedings{tao2021preventing,
  author    = {Lue Tao and
               Lei Feng and
               Jinfeng Yi and
               Sheng{-}Jun Huang and
               Songcan Chen},
  title     = {Better Safe Than Sorry: Preventing Delusive Adversaries with Adversarial
               Training},
  booktitle = {Advances in Neural Information Processing Systems 34: Annual Conference
               on Neural Information Processing Systems ({NeurIPS})},
  pages     = {16209--16225},
  year      = {2021},
}

@inproceedings{tian2022confoundergan,
title      = {Confounder{GAN}: Protecting Image Data Privacy with Causal Confounder},
author     = {Qi Tian and
              Kun Kuang and
              Kelu Jiang and
              Furui Liu and
              Zhihua Wang and
              Fei Wu},
booktitle  = {Advances in Neural Information Processing Systems 35: Annual Conference
               on Neural Information Processing Systems ({NeurIPS})},
year       = {2022},
}

@inproceedings{deng2009imagenet,
  author    = {Jia Deng and
               Wei Dong and
               Richard Socher and
               Li{-}Jia Li and
               Kai Li and
               Fei{-}Fei Li},
  title     = {Image{N}et: {A} large-scale hierarchical image database},
  booktitle = {Proceedings of the {IEEE} Conference on Computer Vision and Pattern Recognition {(CVPR})},
  pages     = {248--255},
  year      = {2009},
}

@inproceedings{nie2022diffpure,
  author    = {Weili Nie and
               Brandon Guo and
               Yujia Huang and
               Chaowei Xiao and
               Arash Vahdat and
               Animashree Anandkumar},
  title     = {Diffusion Models for Adversarial Purification},
  booktitle = {International Conference on Machine Learning ({ICML})},
  pages     = {16805--16827},
  year      = {2022},
}

@inproceedings{yoon2021adp,
  author    = {Jongmin Yoon and
               Sung Ju Hwang and
               Juho Lee},
  title     = {Adversarial Purification with Score-based Generative Models},
  booktitle = {Proceedings of the 38th International Conference on Machine Learning ({ICML})},
  pages     = {12062--12072},
  year      = {2021},
}

@article{russakovsky2015imagenet,
  author    = {Olga Russakovsky and
               Jia Deng and
               Hao Su and
               Jonathan Krause and
               Sanjeev Satheesh and
               Sean Ma and
               Zhiheng Huang and
               Andrej Karpathy and
               Aditya Khosla and
               Michael S. Bernstein and
               Alexander C. Berg and
               Fei{-}Fei Li},
  title     = {Image{N}et Large Scale Visual Recognition Challenge},
  journal   = {International Journal of Computer Vision ({IJCV})},
  volume    = {115},
  number    = {3},
  pages     = {211--252},
  year      = {2015},
}

@MastersThesis{krizhevsky2009learning,
    author={Krizhevsky, Alex and Hinton, Geoffrey},
    title={Learning multiple layers of features from tiny images},
    school={Department of Computer Science, University of Toronto},
    year={2009},
}

@inproceedings{zagoruyko2016wresnet,
  author    = {Sergey Zagoruyko and
               Nikos Komodakis},
  title     = {Wide Residual Networks},
  booktitle = {Proceedings of the British Machine Vision Conference ({BMVC})},
  year      = {2016},
}

@inproceedings{he2016deep,
  author    = {Kaiming He and
               Xiangyu Zhang and
               Shaoqing Ren and
               Jian Sun},
  title     = {Deep Residual Learning for Image Recognition},
  booktitle = {Proceedings of the {IEEE} Conference on Computer Vision and Pattern Recognition ({CVPR})},
  pages     = {770--778},
  year      = {2016},
}

@inproceedings{simonyan2015vgg,
  author    = {Karen Simonyan and
               Andrew Zisserman},
  title     = {Very Deep Convolutional Networks for Large-Scale Image Recognition},
  booktitle = {Proceedings of the 3rd International Conference on Learning Representations ({ICLR})},
  year      = {2015},
}

@inproceedings{huang2017densenet,
  author    = {Gao Huang and
               Zhuang Liu and
               Laurens van der Maaten and
               Kilian Q. Weinberger},
  title     = {Densely Connected Convolutional Networks},
  booktitle = {Proceedings of the {IEEE} Conference on Computer Vision and Pattern Recognition ({CVPR})},
  pages     = {2261--2269},
  year      = {2017},
}

@inproceedings{goodfellow2014explaining,
  author    = {Ian J. Goodfellow and
               Jonathon Shlens and
               Christian Szegedy},
  title     = {Explaining and Harnessing Adversarial Examples},
  booktitle = {Proceedings of the 3rd International Conference on Learning Representations ({ICLR})},
  year      = {2015},
}

@inproceedings{szegedy2014intriguing,
  author    = {Christian Szegedy and
               Wojciech Zaremba and
               Ilya Sutskever and
               Joan Bruna and
               Dumitru Erhan and
               Ian J. Goodfellow and
               Rob Fergus},
  title     = {Intriguing properties of neural networks},
  booktitle = {Proceedings of the 2nd International Conference on Learning Representations ({ICLR})},
  year      = {2014},
}

@inproceedings{carlini2021extracting,
  author    = {Nicholas Carlini and
               Florian Tram{\`{e}}r and
               Eric Wallace and
               Matthew Jagielski and
               Ariel Herbert{-}Voss and
               Katherine Lee and
               Adam Roberts and
               Tom B. Brown and
               Dawn Song and
               {\'{U}}lfar Erlingsson and
               Alina Oprea and
               Colin Raffel},
  title     = {Extracting Training Data from Large Language Models},
  booktitle = {Proceedings of the 30th {USENIX} Security Symposium},
  pages     = {2633--2650},
  year      = {2021},
}

@article{biggio2018wild,
  author    = {Battista Biggio and
               Fabio Roli},
  title     = {Wild patterns: Ten years after the rise of adversarial machine learning},
  journal   = {Pattern Recognition},
  volume    = {84},
  pages     = {317--331},
  year      = {2018},
}

@inproceedings{feng2019con,
  author    = {Ji Feng and
               Qi{-}Zhi Cai and
               Zhi{-}Hua Zhou},
  title     = {Learning to Confuse: Generating Training Time Adversarial Data with
               Auto-Encoder},
  booktitle = {Advances in Neural Information Processing Systems 32: Annual Conference
               on Neural Information Processing Systems {(NeurIPS)} },
  pages     = {11971--11981},
  year      = {2019},
}

@article{hill2020secretive,
  title     = {The secretive company that might end privacy as we know it},
  author    = {Hill, Kashmir},
  journal   = {The New York Times},
  year      = {2020},
}

@article{hill2019photos,
  title     = {How photos of your kids are powering surveillance technology},
  author    = {Hill, Kashmir and Krolik, Aaron},
  journal   = {The New York Times},
  year      = {2019},
}

@inproceedings{netzer2011svhn,
  title      = {Reading digits in natural images with unsupervised feature learning},
  author     = {Netzer, Yuval and Wang, Tao and Coates, Adam and Bissacco, Alessandro and Wu, Bo and Ng, Andrew Y},
  booktitle  = {{NeurIPS} Workshop on Deep Learning and Unsupervised Feature Learning},
  year       = {2011},
}

@inproceedings{szegedy2017inception,
  author    = {Christian Szegedy and
               Sergey Ioffe and
               Vincent Vanhoucke and
               Alexander A. Alemi},
  title     = {Inception-v4, Inception-ResNet and the Impact of Residual Connections
               on Learning},
  booktitle = {Proceedings of the 31st {AAAI} Conference on Artificial Intelligence},
  pages     = {4278--4284},
  year      = {2017},
}

@article{yi2014,
  author    = {Dong Yi and
               Zhen Lei and
               Shengcai Liao and
               Stan Z. Li},
  title     = {Learning Face Representation from Scratch},
  journal   = {CoRR},
  volume    = {abs/1411.7923},
  year      = {2014},
}

@inproceedings{liu2015deep,
  title     = {Deep learning face attributes in the wild},
  author    = {Liu, Ziwei and Luo, Ping and Wang, Xiaogang and Tang, Xiaoou},
  booktitle = {Proceedings of the {IEEE} International Conference on Computer Vision ({ICCV})},
  pages     = {3730--3738},
  year      = {2015},
}

@inproceedings{madry2018towards,
  author    = {Aleksander Madry and
               Aleksandar Makelov and
               Ludwig Schmidt and
               Dimitris Tsipras and
               Adrian Vladu},
  title     = {Towards Deep Learning Models Resistant to Adversarial Attacks},
  booktitle = {Proceedings of the 6th International Conference on Learning Representations ({ICLR})},
  year      = {2018},
}

@article{zhang2021empowering,
  author    = {Jing Zhang and
               Dacheng Tao},
  title     = {Empowering Things With Intelligence: {A} Survey of the Progress, Challenges,
               and Opportunities in Artificial Intelligence of Things},
  journal   = {{IEEE} Internet of Things Journal},
  volume    = {8},
  number    = {10},
  pages     = {7789--7817},
  year      = {2021},
}

@article{he2020recent,
  author    = {Fengxiang He and
               Dacheng Tao},
  title     = {Recent advances in deep learning theory},
  journal   = {CoRR},
  volume    = {abs/2012.10931},
  year      = {2020},
}


@inproceedings{karras2020stylegan2,
  author    = {Tero Karras and
               Samuli Laine and
               Miika Aittala and
               Janne Hellsten and
               Jaakko Lehtinen and
               Timo Aila},
  title     = {Analyzing and Improving the Image Quality of {StyleGAN}},
  booktitle = {Proceedings of the {IEEE/CVF} Conference on Computer Vision and Pattern Recognition ({CVPR})},
  pages     = {8107--8116},
  year      = {2020},
}

@inproceedings{rombach2022stable,
  author    = {Robin Rombach and
               Andreas Blattmann and
               Dominik Lorenz and
               Patrick Esser and
               Bj{\"{o}}rn Ommer},
  title     = {High-Resolution Image Synthesis with Latent Diffusion Models},
  booktitle = {Proceedings of the {IEEE/CVF} Conference on Computer Vision and Pattern Recognition ({CVPR})},
  pages     = {10674--10685},
  year      = {2022},
}

@inproceedings{singer2023makeavideo,
  author    = {Uriel Singer and
               Adam Polyak and
               Thomas Hayes and
               Xi Yin and
               Jie An and
               Songyang Zhang and
               Qiyuan Hu and
               Harry Yang and
               Oron Ashual and
               Oran Gafni and
               Devi Parikh and
               Sonal Gupta and
               Yaniv Taigman},
  title     = {Make-A-Video: Text-to-Video Generation without Text-Video Data},
  booktitle = {Proceedings of the 11th International Conference on Learning Representations ({ICLR})},
  year      = {2023},
}

@inproceedings{dhariwal2021diffusion,
  author    = {Prafulla Dhariwal and
               Alexander Quinn Nichol},
  title     = {Diffusion Models Beat GANs on Image Synthesis},
  booktitle = {Advances in Neural Information Processing Systems 34: Annual Conference
               on Neural Information Processing Systems {(NeurIPS)}},
  pages     = {8780--8794},
  year      = {2021},
}

@article{liu2022cmx,
  author    = {Huayao Liu and
               Jiaming Zhang and
               Kailun Yang and
               Xinxin Hu and
               Rainer Stiefelhagen},
  title     = {{CMX:} Cross-Modal Fusion for {RGB-X} Semantic Segmentation with Transformers},
  journal   = {CoRR},
  volume    = {abs/2203.04838},
  year      = {2022},
}

@inproceedings{lin2014coco,
  author    = {Tsung{-}Yi Lin and
               Michael Maire and
               Serge J. Belongie and
               James Hays and
               Pietro Perona and
               Deva Ramanan and
               Piotr Doll{\'{a}}r and
               C. Lawrence Zitnick},
  title     = {Microsoft {COCO:} Common Objects in Context},
  booktitle = {Proceedings of the 13th European Conference on Computer Vision ({ECCV})},
  pages     = {740--755},
  year      = {2014},
}

@inproceedings{birhane2021large,
  author    = {Abeba Birhane and
               Vinay Uday Prabhu},
  title     = {Large image datasets: {A} pyrrhic win for computer vision?},
  booktitle = {Proceedings of the {IEEE} Winter Conference on Applications of Computer Vision ({WACV})},
  pages     = {1536--1546},
  year      = {2021},
}

@inproceedings{dosovitskiy2021vit,
  author    = {Alexey Dosovitskiy and
               Lucas Beyer and
               Alexander Kolesnikov and
               Dirk Weissenborn and
               Xiaohua Zhai and
               Thomas Unterthiner and
               Mostafa Dehghani and
               Matthias Minderer and
               Georg Heigold and
               Sylvain Gelly and
               Jakob Uszkoreit and
               Neil Houlsby},
  title     = {An Image is Worth 16x16 Words: Transformers for Image Recognition
               at Scale},
  booktitle = {Proceedings of the 9th International Conference on Learning Representations ({ICLR})},
  year      = {2021},
}

@article{zhou2021gmnet,
  author    = {Zhou, Wujie and Liu, Jinfu and Lei, Jingsheng and Yu, Lu and Hwang, Jenq-Neng},
  journal   = {{IEEE} Transactions on Image Processing}, 
  title     = {{GMNet:} Graded-Feature Multilabel-Learning Network for RGB-Thermal Urban Scene Semantic Segmentation}, 
  year      = {2021},
  volume    = {30},
  pages     = {7790-7802},
}

@inproceedings{schwarzschild2021toxic,
  author    = {Avi Schwarzschild and
               Micah Goldblum and
               Arjun Gupta and
               John P. Dickerson and
               Tom Goldstein},
  title     = {Just How Toxic is Data Poisoning? {A} Unified Benchmark for Backdoor
               and Data Poisoning Attacks},
  booktitle = {Proceedings of the 38th International Conference on Machine Learning ({ICML})},
  pages     = {9389--9398},
  year      = {2021},
}

@inproceedings{geiping2021witches,
  author    = {Jonas Geiping and
               Liam H. Fowl and
               W. Ronny Huang and
               Wojciech Czaja and
               Gavin Taylor and
               Michael Moeller and
               Tom Goldstein},
  title     = {Witches' Brew: Industrial Scale Data Poisoning via Gradient Matching},
  booktitle = {Proceedings of the 9th International Conference on Learning Representations ({ICLR})},
  year      = {2021},
}

@inproceedings{shan2020fawkes,
  author    = {Shawn Shan and
               Emily Wenger and
               Jiayun Zhang and
               Huiying Li and
               Haitao Zheng and
               Ben Y. Zhao},
  title     = {Fawkes: Protecting Privacy against Unauthorized Deep Learning Models},
  booktitle = {Proceedings of the 29th {USENIX} Security Symposium},
  pages     = {1589--1604},
  year      = {2020},
}

@inproceedings{koh2017understanding,
  author    = {Pang Wei Koh and
               Percy Liang},
  title     = {Understanding Black-box Predictions via Influence Functions},
  booktitle = {Proceedings of the 34th International Conference on Machine Learning ({ICML})},
  pages     = {1885--1894},
  year      = {2017},
}

@inproceedings{munozgonzalez2017towards,
  author    = {Luis Mu{\~{n}}oz{-}Gonz{\'{a}}lez and
               Battista Biggio and
               Ambra Demontis and
               Andrea Paudice and
               Vasin Wongrassamee and
               Emil C. Lupu and
               Fabio Roli},
  title     = {Towards Poisoning of Deep Learning Algorithms with Back-gradient Optimization},
  booktitle = {Proceedings of the 10th {ACM} Workshop on Artificial Intelligence
               and Security ({AISec@CCS}) },
  pages     = {27--38},
  year      = {2017},
}

@article{yang2017generative,
  author    = {Chaofei Yang and
               Qing Wu and
               Hai Li and
               Yiran Chen},
  title     = {Generative Poisoning Attack Method Against Neural Networks},
  journal   = {CoRR},
  volume    = {abs/1703.01340},
  year      = {2017},
}

@article{gu2017badnets,
  author    = {Tianyu Gu and
               Brendan Dolan{-}Gavitt and
               Siddharth Garg},
  title     = {{BadNets}: Identifying Vulnerabilities in the Machine Learning Model
               Supply Chain},
  journal   = {CoRR},
  volume    = {abs/1708.06733},
  year      = {2017},
}

@article{goldblum2023dataset,
  author    = {Micah Goldblum and
               Dimitris Tsipras and
               Chulin Xie and
               Xinyun Chen and
               Avi Schwarzschild and
               Dawn Song and
               Aleksander Madry and
               Bo Li and
               Tom Goldstein},
  title     = {Dataset Security for Machine Learning: Data Poisoning, Backdoor Attacks,
               and Defenses},
  journal   = {{IEEE} Transactions of Pattern Analysis and Machine Intelligence},
  volume    = {45},
  number    = {2},
  pages     = {1563--1580},
  year      = {2023},
}

@inproceedings{shafahi2018frogs,
  author    = {Ali Shafahi and
               W. Ronny Huang and
               Mahyar Najibi and
               Octavian Suciu and
               Christoph Studer and
               Tudor Dumitras and
               Tom Goldstein},
  title     = {Poison Frogs! Targeted Clean-Label Poisoning Attacks on Neural Networks},
  booktitle = {Proceedings of the Advances in Neural Information Processing Systems 31: Annual Conference on Neural Information Processing Systems ({NeurIPS})},
  pages     = {6106--6116},
  year      = {2018},
}

@inproceedings{barni2019sig,
  author    = {Mauro Barni and
               Kassem Kallas and
               Benedetta Tondi},
  title     = {A New Backdoor Attack in {CNN}s by Training Set Corruption Without
               Label Poisoning},
  booktitle = {Proceedings of the {IEEE} International Conference on Image Processing ({ICIP})},
  pages     = {101--105},
  year      = {2019},
}

@article{turner2019label-consistent,
  author    = {Alexander Turner and
               Dimitris Tsipras and
               Aleksander Madry},
  title     = {Label-Consistent Backdoor Attacks},
  journal   = {CoRR},
  volume    = {abs/1912.02771},
  year      = {2019},
}

@article{li2020invisible,
  title   = {Invisible backdoor attacks on deep neural networks via steganography and regularization},
  author  = {Li, Shaofeng and Xue, Minhui and Zhao, Benjamin and Zhu, Haojin and Zhang, Xinpeng},
  journal = {{IEEE} {T}ransactions on {D}ependable and {S}ecure {C}omputing},
volume    = {18},
  number  = {5},
  pages   = {2088--2105},
  year    = {2021},
}

@inproceedings{nguyen2021wanet,
title     = {{WaNet} - Imperceptible Warping-based Backdoor Attack},
author    = {Tuan Anh Nguyen and Anh Tuan Tran},
booktitle = {Proceedings of the 9th International Conference on Learning Representations ({ICLR})},
year      = {2021},
}

@inproceedings{saha2020htba,
  author    = {Aniruddha Saha and
               Akshayvarun Subramanya and
               Hamed Pirsiavash},
  title     = {Hidden Trigger Backdoor Attacks},
  booktitle = {Proceedings of the 34th {AAAI} Conference on Artificial Intelligence},
  pages     = {11957--11965},
  year      = {2020},
}

@inproceedings{li2021issba,
  author    = {Yuezun Li and
               Yiming Li and
               Baoyuan Wu and
               Longkang Li and
               Ran He and
               Siwei Lyu},
  title     = {Invisible Backdoor Attack with Sample-Specific Triggers},
  booktitle = {Proceedings of the {IEEE/CVF} International Conference on Computer Vision ({ICCV})},
  pages     = {16443--16452},
  year      = {2021},
}

@inproceedings{zeng2021rethinking,
  author    = {Yi Zeng and
               Won Park and
               Z. Morley Mao and
               Ruoxi Jia},
  title     = {Rethinking the Backdoor Attacks' Triggers: {A} Frequency Perspective},
  booktitle = {Proceedings of the {IEEE/CVF} International Conference on Computer Vision ({ICCV})},
  pages     = {16453--16461},
  year      = {2021},
}

@inproceedings{biggio2012svmbackdoor,
  author    = {Battista Biggio and
               Blaine Nelson and
               Pavel Laskov},
  title     = {Poisoning Attacks against Support Vector Machines},
  booktitle = {Proceedings of the 29th International Conference on Machine Learning ({ICML})},
  pages     = {1467--1474},
  year      = {2012},
}

@inproceedings{goodfellow2014gan,
  author    = {Ian J. Goodfellow and
               Jean Pouget{-}Abadie and
               Mehdi Mirza and
               Bing Xu and
               David Warde{-}Farley and
               Sherjil Ozair and
               Aaron C. Courville and
               Yoshua Bengio},
  title     = {Generative Adversarial Nets},
  booktitle = {Proceedings of the Advances in Neural Information Processing Systems 27: Annual Conference
               on Neural Information Processing Systems {(NeurIPS)}},
  pages     = {2672--2680},
  year      = {2014},
}

@inproceedings{zhang2021data,
  author    = {Hengtong Zhang and
               Jing Gao and
               Lu Su},
  title     = {Data Poisoning Attacks Against Outcome Interpretations of Predictive
               Models},
  booktitle = {Proceedings of the 27th {ACM} {SIGKDD} Conference on Knowledge Discovery
               and Data Mining},
  pages     = {2165--2173},
  year      = {2021},
}

@article{fowl2021preventing,
  author    = {Liam Fowl and
               Ping{-}yeh Chiang and
               Micah Goldblum and
               Jonas Geiping and
               Arpit Bansal and
               Wojtek Czaja and
               Tom Goldstein},
  title     = {Preventing Unauthorized Use of Proprietary Data: Poisoning for Secure
               Dataset Release},
  journal   = {CoRR},
  volume    = {abs/2103.02683},
  year      = {2021},
}

@inproceedings{lim2019autoaugment,
  author    = {Sungbin Lim and
               Ildoo Kim and
               Taesup Kim and
               Chiheon Kim and
               Sungwoong Kim},
  title     = {Fast AutoAugment},
  booktitle = {Advances in Neural Information Processing Systems 32: Annual Conference
               on Neural Information Processing Systems ({NeurIPS})},
  pages     = {6662--6672},
  year      = {2019},
}

@inproceedings{yun2019cutmix,
  author    = {Sangdoo Yun and
               Dongyoon Han and
               Sanghyuk Chun and
               Seong Joon Oh and
               Youngjoon Yoo and
               Junsuk Choe},
  title     = {{CutMix}: Regularization Strategy to Train Strong Classifiers With Localizable
               Features},
  booktitle = {Proceedings of the {IEEE/CVF} International Conference on Computer Vision ({ICCV})},
  pages     = {6022--6031},
  year      = {2019},
}

@inproceedings{zhang2018mixup,
  author    = {Hongyi Zhang and
               Moustapha Ciss{\'{e}} and
               Yann N. Dauphin and
               David Lopez{-}Paz},
  title     = {mixup: Beyond Empirical Risk Minimization},
  booktitle = {Proceedings of the 6th International Conference on Learning Representations ({ICLR})},
  year      = {2018},
}

@article{devries2017cutout,
  author    = {Terrance Devries and
               Graham W. Taylor},
  title     = {Improved Regularization of Convolutional Neural Networks with Cutout},
  journal   = {CoRR},
  volume    = {abs/1708.04552},
  year      = {2017},
}

@inproceedings{heusel2017fid,
  author    = {Martin Heusel and
               Hubert Ramsauer and
               Thomas Unterthiner and
               Bernhard Nessler and
               Sepp Hochreiter},
  title     = {{GAN}s Trained by a Two Time-Scale Update Rule Converge to a Local Nash
               Equilibrium},
  booktitle = {Advances in Neural Information Processing Systems 30: Annual Conference
               on Neural Information Processing Systems ({NeurIPS})},
  pages     = {6626--6637},
  year      = {2017},
}

@inproceedings{sohl2015deep,
  author    = {Jascha Sohl{-}Dickstein and
               Eric A. Weiss and
               Niru Maheswaranathan and
               Surya Ganguli},
  title     = {Deep Unsupervised Learning using Nonequilibrium Thermodynamics},
  booktitle = {Proceedings of the 32nd International Conference on Machine Learning ({ICML})},
  pages     = {2256--2265},
  year      = {2015},
}

@inproceedings{xu2023stable,
title       = {Stable Target Field for Reduced Variance Score Estimation},
author      = {Yilun Xu and Shangyuan Tong and Tommi S. Jaakkola},
booktitle   = {Proceedings of the 11th International Conference on Learning Representations ({ICLR})},
year        = {2023},
}

@inproceedings{poole2023dreamfusion,
title       = {{DreamFusion}: Text-to-{3D} using {2D} Diffusion},
author      = {Ben Poole and Ajay Jain and Jonathan T. Barron and Ben Mildenhall},
booktitle   = {Proceedings of the 11th International Conference on Learning Representations ({ICLR})},
year        = {2023},
}

@article{croitoru2022diffusion,
  author    = {Florinel{-}Alin Croitoru and
               Vlad Hondru and
               Radu Tudor Ionescu and
               Mubarak Shah},
  title     = {Diffusion Models in Vision: {A} Survey},
  journal   = {CoRR},
  volume    = {abs/2209.04747},
  year      = {2022},
}

@article{vincent2011score,
  author    = {Pascal Vincent},
  title     = {A Connection Between Score Matching and Denoising Autoencoders},
  journal   = {Neural Computation},
  volume    = {23},
  number    = {7},
  pages     = {1661--1674},
  year      = {2011},
}

@inproceedings{welling2011langevin,
  author    = {Max Welling and
               Yee Whye Teh},
  title     = {Bayesian Learning via Stochastic Gradient {Langevin} Dynamics},
  booktitle = {Proceedings of the 28th International Conference on Machine Learning ({ICML})},
  pages     = {681--688},
  year      = {2011},
}

@inproceedings{chung2022come,
  author    = {Hyungjin Chung and
               Byeongsu Sim and
               Jong Chul Ye},
  title     = {Come-Closer-Diffuse-Faster: Accelerating Conditional Diffusion Models
               for Inverse Problems through Stochastic Contraction},
  booktitle = {Proceedings of the {IEEE/CVF} Conference on Computer Vision and Pattern Recognition ({CVPR})},
  pages     = {12403--12412},
  year      = {2022},
}

@inproceedings{pham2008analysis,
  author    = {Quang{-}Cuong Pham},
  title     = {Analysis of discrete and hybrid stochastic systems by nonlinear contraction
               theory},
  booktitle = {Proceedings of the 10th International Conference on Control, Automation, Robotics and Vision ({ICARCV})},
  pages     = {1054--1059},
  year      = {2008},
}

@article{pham2009concentration,
  author    = {Quang{-}Cuong Pham and
               Nicolas Tabareau and
               Jean{-}Jacques E. Slotine},
  title     = {A Contraction Theory Approach to Stochastic Incremental Stability},
  journal   = {{IEEE} Transactions on Automatic Control},
  volume    = {54},
  number    = {4},
  pages     = {816--820},
  year      = {2009},
}

@inproceedings{sandoval2022ar,
title       = {Autoregressive Perturbations for Data Poisoning},
author      = {Pedro Sandoval-Segura and Vasu Singla and Jonas Geiping and Micah Goldblum and Tom Goldstein and David W. Jacobs},
booktitle   = {Advances in Neural Information Processing Systems 35: Annual Conference on Neural Information Processing Systems ({NeurIPS})},
year        = {2022},
}

@inproceedings{tsipras2019robustness,
  author    = {Dimitris Tsipras and
               Shibani Santurkar and
               Logan Engstrom and
               Alexander Turner and
               Aleksander Madry},
  title     = {Robustness May Be at Odds with Accuracy},
  booktitle = {Proceedings of the 7th International Conference on Learning Representations ({ICLR})},
  year      = {2019},
}