


@STRING{NeurIPS = "Advances in Neural Information Processing Systems"}
@STRING{ICML = "International Conference on Machine Learning"}
@STRING{ICLR = "International Conference on Learning Representations"}
@STRING{CVPR = "IEEE Conference on Computer Vision and Pattern Recognition"}
@STRING{ICCV = "IEEE International Conference on Computer Vision"}
@STRING{ECCV = "European Conference on Computer Vision"}
@STRING{BMVC = "British Machine Vision Conference"}
@STRING{WACV = "IEEE Winter Conference on Applications of Computer Vision"}
@STRING{ACL = "Annual Conference of the Association for Computational Linguistics"}
@STRING{EMNLP = "Conference on Empirical Methods in Natural Language Processing"}
@STRING{NAACL = "Annual Conference of the North American Chapter of the Association for Computational Linguistics"}
@STRING{AAAI = "AAAI Conference on Artificial Intelligence"}
@STRING{IJCAI = "International Joint Conferences on Artificial Intelligence"}
@STRING{SIGKDD = "ACM SIGKDD International Conference on Knowledge Discovery and Data Mining"}
@STRING{SP = "IEEE symposium on security and privacy (sp)"}

@article{yang2023sneakyprompt,
  title={SneakyPrompt: Evaluating Robustness of Text-to-image Generative Models' Safety Filters},
  author={Yang, Yuchen and Hui, Bo and Yuan, Haolin and Gong, Neil and Cao, Yinzhi},
  journal=SP,
  year={2024}
}
@article{maus2023black,
  title={Black box adversarial prompting for foundation models},
  author={Maus, Natalie and Chao, Patrick and Wong, Eric and Gardner, Jacob},
  journal={arXiv preprint arXiv:2302.04237},
  year={2023}
}
@article{zhai2024discovering,
  title={Discovering Universal Semantic Triggers for Text-to-Image Synthesis},
  author={Zhai, Shengfang and Wang, Weilong and Li, Jiajun and Dong, Yinpeng and Su, Hang and Shen, Qingni},
  journal={arXiv preprint arXiv:2402.07562},
  year={2024}
}
@article{zhang2023investigating,
  title={Investigating Copyright Issues of Diffusion Models under Practical Scenarios},
  author={Zhang, Yang and Tzun, Teoh Tze and Hern, Lim Wei and Wang, Haonan and Kawaguchi, Kenji},
  journal={arXiv preprint arXiv:2311.12803},
  year={2023}
}

@inproceedings{betker2023dalle3,
  title={Improving image generation with better captions},
  author={Betker, James and Goh, Gabriel and Jing, Li and Brooks, Tim and Wang, Jianfeng and Li, Linjie and Ouyang, Long and Zhuang, Juntang and Lee, Joyce and Guo, Yufei and others},
  booktitle={Computer Science. https://cdn. openai. com/papers/dall-e-3. pdf},
  year={2023}
}
@inproceedings{caron2021emerging,
  title={Emerging properties in self-supervised vision transformers},
  author={Caron, Mathilde and Touvron, Hugo and Misra, Ishan and J{\'e}gou, Herv{\'e} and Mairal, Julien and Bojanowski, Piotr and Joulin, Armand},
  booktitle=ICCV,
  pages={9650--9660},
  year={2021}
}
@misc{openai2024chatgpt,
  author       = {OpenAI},
  title        = {ChatGPT},
  year         = {2024},
  note         = {May 20 version},
  howpublished = {\url{https://chat.openai.com/}},
}
@misc{microsoft2024copilot,
  author       = {Microsoft},
  title        = {Microsoft Copilot},
  year         = {2024},
  note         = {AI-powered assistant},
  howpublished = {\url{http://copilot.microsoft.com}},
}
@misc{midjourney2024,
  author       = {MidJourney},
  title        = {MidJourney},
  year         = {2024},
  note         = {AI-powered image generation tool},
  howpublished = {\url{https://www.midjourney.com}},
}
@article{team2023gemini,
  title={Gemini: a family of highly capable multimodal models},
  author={Team, Gemini and Anil, Rohan and Borgeaud, Sebastian and Wu, Yonghui and Alayrac, Jean-Baptiste and Yu, Jiahui and Soricut, Radu and Schalkwyk, Johan and Dai, Andrew M and Hauth, Anja and others},
  journal={arXiv preprint arXiv:2312.11805},
  year={2023}
}
@article{liu2024visual,
  title={Visual instruction tuning},
  author={Liu, Haotian and Li, Chunyuan and Wu, Qingyang and Lee, Yong Jae},
  journal=NeurIPS,
  year={2024}
}
@article{achiam2023gpt4,
  title={Gpt-4 technical report},
  author={Achiam, Josh and Adler, Steven and Agarwal, Sandhini and Ahmad, Lama and Akkaya, Ilge and Aleman, Florencia Leoni and Almeida, Diogo and Altenschmidt, Janko and Altman, Sam and Anadkat, Shyamal and others},
  journal={arXiv preprint arXiv:2303.08774},
  year={2023}
}

@misc{uspto2024copyright,
  author       = {U.S. Patent and Trademark Office},
  title        = {Copyright basics},
  year         = {2024},
  url          = {https://www.uspto.gov/ip-policy/copyright-policy/copyright-basics},
}

@misc{cuetolawgroup2024ip,
  author       = {Cueto Law Group},
  title        = {4 Types Of Intellectual Property Rights Protection (Definitions \& Examples)},
  year         = {2021},
  url          = {https://cuetolawgroup.com/intellectual-property-rights/},
}

@misc{uscopyright2024uscopyright,
  author       = {U.S. Copyright Office},
  title        = {What Visual and Graphic Artists Should Know about Copyright},
  year          = {2023},
  url          = {https://www.copyright.gov/engage/visual-artists/},
}
@misc{cornell106,
  author       = {Legal Information Institute, Cornell Law School},
  title        = {17 U.S. Code § 106 - Exclusive rights in copyrighted works},
  year          = {2022},
  url          = {https://www.law.cornell.edu/uscode/text/17/106},
}
@article{lawsuit1,
  title={We’ve filed law suits challenging AI image generators for using artists’ work without consent, credit, or compensation. Because AI needs to be fair \& ethical for everyone.},
  author={Joseph Saveri and Matthew Butterick},
  journal={https://imagegeneratorlitigation.com},
  year={2023}
}
@article{lawsuit2NYTimes,
  author       = {Michael M. Grynbaum and Ryan Mac},
  title        = {The Times Sues OpenAI and Microsoft Over A.I. Use of Copyrighted Work},
  journal      = {The New York Times},
  year         = {2023},
  month        = {Dec},
  day          = {27},
  url          = {https://www.nytimes.com/2023/12/27/business/media/new-york-times-open-ai-microsoft-lawsuit.html},
}

@article{lawsuit3Getty,
  author       = {Gill Dennis},
  title        = {Getty Images v Stability AI: copyright claims can proceed to trial},
  journal      = {Out-law},
  year         = {2023},
  month        = {Dec},
  day          = {11},
  url          = {https://www.pinsentmasons.com/out-law/news/getty-images-v-stability-ai},
}

@article{esser2024stablediffusion,
  title={Scaling rectified flow transformers for high-resolution image synthesis},
  author={Esser, Patrick and Kulal, Sumith and Blattmann, Andreas and Entezari, Rahim and Muller, Jonas and Saini, Harry and Levi, Yam and Lorenz, Dominik and Sauer, Axel and Boesel, Frederic and others},
  journal={arXiv preprint arXiv:2403.03206},
  year={2024}
}
@inproceedings{somepalli2023diffusion,
  title={Diffusion art or digital forgery? investigating data replication in diffusion models},
  author={Somepalli, Gowthami and Singla, Vasu and Goldblum, Micah and Geiping, Jonas and Goldstein, Tom},
  booktitle=CVPR,
  year={2023}
}
@inproceedings{
wen2024detecting,
title={Detecting, Explaining, and Mitigating Memorization in Diffusion Models},
author={Yuxin Wen and Yuchen Liu and Chen Chen and Lingjuan Lyu},
booktitle={The Twelfth International Conference on Learning Representations},
year={2024},
url={https://openreview.net/forum?id=84n3UwkH7b}
}
@inproceedings{
wang2024diagnosis,
title={DIAGNOSIS: Detecting Unauthorized Data Usages in Text-to-image Diffusion Models},
author={Zhenting Wang and Chen Chen and Lingjuan Lyu and Dimitris N. Metaxas and Shiqing Ma},
booktitle=ICLR,
year={2024},
url={https://openreview.net/forum?id=f8S3aLm0Vp}
}
@inproceedings{
somepalli2023understanding,
title={Understanding and Mitigating Copying in Diffusion Models},
author={Gowthami Somepalli and Vasu Singla and Micah Goldblum and Jonas Geiping and Tom Goldstein},
booktitle=NeurIPS,
year={2023},
}

@inproceedings{kumari2023ablating,
  title={Ablating concepts in text-to-image diffusion models},
  author={Kumari, Nupur and Zhang, Bingliang and Wang, Sheng-Yu and Shechtman, Eli and Zhang, Richard and Zhu, Jun-Yan},
  booktitle=ICCV,
  year={2023}
}

@inproceedings{zhou2024plug,
  title={{\copyright} Plug-in Authorization for Human Content Copyright Protection in Text-to-Image Model},
  author={Zhou, Chao and Zhang, Huishuai and Bian, Jiang and Zhang, Weiming and Yu, Nenghai},
  booktitle={ICLR 2024 Workshop on Reliable and Responsible Foundation Models},
  year={2024}
}

@article{golatkar2024cpr,
  title={CPR: Retrieval Augmented Generation for Copyright Protection},
  author={Golatkar, Aditya and Achille, Alessandro and Zancato, Luca and Wang, Yu-Xiang and Swaminathan, Ashwin and Soatto, Stefano},
  journal={arXiv preprint arXiv:2403.18920},
  year={2024}
}

@article{deng2024economic,
  title={An economic solution to copyright challenges of generative ai},
  author={Deng, Zhun and Chiba-Okabe, Hiroaki and Barak, Boaz and Su, Weijie J and others},
  journal={arXiv preprint arXiv:2404.13964},
  year={2024}
}

@inproceedings{zhong2023copyright,
  title={Copyright Protection and Accountability of Generative AI: Attack, Watermarking and Attribution},
  author={Zhong, Haonan and Chang, Jiamin and Yang, Ziyue and Wu, Tingmin and Mahawaga Arachchige, Pathum Chamikara and Pathmabandu, Chehara and Xue, Minhui},
  booktitle={Companion Proceedings of the ACM Web Conference 2023},
  pages={94--98},
  year={2023}
}

@article{bousquet2020synthetic,
  title={Synthetic Data Generators--Sequential and Private},
  author={Bousquet, Olivier and Livni, Roi and Moran, Shay},
  journal=NeurIPS,
  year={2020}
}

@article{elkin2023can,
  title={Can Copyright be Reduced to Privacy?},
  author={Elkin-Koren, Niva and Hacohen, Uri and Livni, Roi and Moran, Shay},
  journal={arXiv preprint arXiv:2305.14822},
  year={2023}
}

@inproceedings{schramowski2022safe,
      title={Safe Latent Diffusion: Mitigating Inappropriate Degeneration in Diffusion Models}, 
      author={Patrick Schramowski and Manuel Brack and Björn Deiseroth and Kristian Kersting},
      year={2023},
      booktitle=CVPR,
}

@article{carlini2022quantifying,
  title={Quantifying memorization across neural language models},
  author={Carlini, Nicholas and Ippolito, Daphne and Jagielski, Matthew and Lee, Katherine and Tramer, Florian and Zhang, Chiyuan},
  journal={arXiv preprint arXiv:2202.07646},
  year={2022}
}
@inproceedings{carlini2019secret,
  title={The secret sharer: Evaluating and testing unintended memorization in neural networks},
  author={Carlini, Nicholas and Liu, Chang and Erlingsson, 'Ulfar and Kos, Jernej and Song, Dawn},
  booktitle={28th USENIX security symposium (USENIX security 19)},
  pages={267--284},
  year={2019}
}
@inproceedings{carlini2021extractingllm,
  title={Extracting training data from large language models},
  author={Carlini, Nicholas and Tramer, Florian and Wallace, Eric and Jagielski, Matthew and Herbert-Voss, Ariel and Lee, Katherine and Roberts, Adam and Brown, Tom and Song, Dawn and Erlingsson, Ulfar and others},
  booktitle={30th USENIX Security Symposium (USENIX Security 21)},
  pages={2633--2650},
  year={2021}
}
@inproceedings{carlini2023extractdm,
  title={Extracting training data from diffusion models},
  author={Carlini, Nicolas and Hayes, Jamie and Nasr, Milad and Jagielski, Matthew and Sehwag, Vikash and Tramer, Florian and Balle, Borja and Ippolito, Daphne and Wallace, Eric},
  booktitle={32nd USENIX Security Symposium (USENIX Security 23)},
  pages={5253--5270},
  year={2023}
}
 @inproceedings{duan2023diffusion,
  title={Are diffusion models vulnerable to membership inference attacks?},
  author={Duan, Jinhao and Kong, Fei and Wang, Shiqi and Shi, Xiaoshuang and Xu, Kaidi},
  booktitle=ICML,
  year={2023},
  organization={PMLR}
}
@inproceedings{carlini2022membership,
  title={Membership inference attacks from first principles},
  author={Carlini, Nicholas and Chien, Steve and Nasr, Milad and Song, Shuang and Terzis, Andreas and Tramer, Florian},
  booktitle=SP,
  year={2022},
  organization={IEEE}
}
@inproceedings{kim2022diffusionclip,
  title={Diffusionclip: Text-guided diffusion models for robust image manipulation},
  author={Kim, Gwanghyun and Kwon, Taesung and Ye, Jong Chul},
  booktitle=CVPR,
  year={2022}
}
@inproceedings{rombach2022high,
  title={High-resolution image synthesis with latent diffusion models},
  author={Rombach, Robin and Blattmann, Andreas and Lorenz, Dominik and Esser, Patrick and Ommer, Bjorn},
  booktitle=CVPR,
  year={2022}
}
@inproceedings{matsumoto2023membership,
  title={Membership inference attacks against diffusion models},
  author={Matsumoto, Tomoya and Miura, Takayuki and Yanai, Naoto},
  booktitle={2023 IEEE Security and Privacy Workshops (SPW)},
  pages={77--83},
  year={2023},
  organization={IEEE}
}
@inproceedings{pizzi2022self,
  title={A self-supervised descriptor for image copy detection},
  author={Pizzi, Ed and Roy, Sreya Dutta and Ravindra, Sugosh Nagavara and Goyal, Priya and Douze, Matthijs},
  booktitle=CVPR,
  year={2022}
}
@article{wang2024did,
  title={Where did i come from? origin attribution of ai-generated images},
  author={Wang, Zhenting and Chen, Chen and Zeng, Yi and Lyu, Lingjuan and Ma, Shiqing},
  journal=NeurIPS,
  year={2024}
}
@inproceedings{lyu2023pathway,
  title={A pathway towards responsible AI generated content},
  author={Lyu, Lingjuan and Chen, C and Fu, J},
  booktitle={Proc. 2nd tnt'I. Joint Conf. Artificial Intelligence},
  year={2023}
}
@inproceedings{dubinski2024towards,
  title={Towards more realistic membership inference attacks on large diffusion models},
  author={Dubi'nski, Jan and Kowalczuk, Antoni and Pawlak, Stanislaw and Rokita, Przemyslaw and Trzci'nski, Tomasz and Morawiecki, Pawel},
  booktitle=WCAV,
  pages={4860--4869},
  year={2024}
}
@article{shan2023glaze,
  title={Glaze: Protecting Artists from Style Mimicry by Text-to-Image Models},
  author={Shan, Shawn and Cryan, Jenna and Wenger, Emily and Zheng, Haitao and Hanocka, Rana and Zhao, Ben Y},
  journal={32nd USENIX Security Symposium (USENIX Security 23)},
  pages={2187--2204},
  year={2023}
}
@article{ho2020denoising,
  title={Denoising diffusion probabilistic models},
  author={Ho, Jonathan and Jain, Ajay and Abbeel, Pieter},
  journal=NeurIPS,
  year={2020}
}
@article{jagielski2022measuring,
  title={Measuring forgetting of memorized training examples},
  author={Jagielski, Matthew and Thakkar, Om and Tramer, Florian and Ippolito, Daphne and Lee, Katherine and Carlini, Nicholas and Wallace, Eric and Song, Shuang and Thakurta, Abhradeep and Papernot, Nicolas and others},
  journal={arXiv preprint arXiv:2207.00099},
  year={2022}
}
@article{rando2022red,
  title={Red-teaming the stable diffusion safety filter},
  author={Rando, Javier and Paleka, Daniel and Lindner, David and Heim, Lennart and Tram`er, Florian},
  journal={arXiv preprint arXiv:2210.04610},
  year={2022}
}
@inproceedings{schramowski2023safe,
  title={Safe latent diffusion: Mitigating inappropriate degeneration in diffusion models},
  author={Schramowski, Patrick and Brack, Manuel and Deiseroth, Bjorn and Kersting, Kristian},
  booktitle=CVPR,
  year={2023}
}
@inproceedings{vyas2023provable,
  title={On provable copyright protection for generative models},
  author={Vyas, Nikhil and Kakade, Sham M and Barak, Boaz},
  booktitle=ICML,
  year={2023},
  organization={PMLR}
}
@inproceedings{gandikota2023erasing,
  title={Erasing concepts from diffusion models},
  author={Gandikota, Rohit and Materzynska, Joanna and Fiotto-Kaufman, Jaden and Bau, David},
  booktitle=ICCV,
  year={2023}
}
@inproceedings{jiang2023ai,
  title={AI Art and its Impact on Artists},
  author={Jiang, Harry H and Brown, Lauren and Cheng, Jessica and Khan, Mehtab and Gupta, Abhishek and Workman, Deja and Hanna, Alex and Flowers, Johnathan and Gebru, Timnit},
  booktitle={Proceedings of the 2023 AAAI/ACM Conference on AI, Ethics, and Society},
  pages={363--374},
  year={2023}
}
@inproceedings{shan2024nightshade,
  title={Nightshade: Prompt-Specific Poisoning Attacks on Text-to-Image Generative Models},
  author={Shan, Shawn and Ding, Wenxin and Passananti, Josephine and Wu, Stanley and Zheng, Haitao and Zhao, Ben Y},
  booktitle=SP,
  year={2024},
  organization={IEEE Computer Society}
}
@article{wei2024jailbroken,
  title={Jailbroken: How does llm safety training fail?},
  author={Wei, Alexander and Haghtalab, Nika and Steinhardt, Jacob},
  journal=NeurIPS,
  year={2024}
}
@article{shen2023anything,
  title={ do anything now: Characterizing and evaluating in-the-wild jailbreak prompts on large language models},
  author={Shen, Xinyue and Chen, Zeyuan and Backes, Michael and Shen, Yun and Zhang, Yang},
  journal={arXiv preprint arXiv:2308.03825},
  year={2023}
}
@article{zou2023universal,
  title={Universal and transferable adversarial attacks on aligned language models},
  author={Zou, Andy and Wang, Zifan and Kolter, J Zico and Fredrikson, Matt},
  journal={arXiv preprint arXiv:2307.15043},
  year={2023}
}
@article{paulus2024advprompter,
  title={AdvPrompter: Fast Adaptive Adversarial Prompting for LLMs},
  author={Paulus, Anselm and Zharmagambetov, Arman and Guo, Chuan and Amos, Brandon and Tian, Yuandong},
  journal={arXiv preprint arXiv:2404.16873},
  year={2024}
}
@article{yang2023large,
  title={Large language models as optimizers},
  author={Yang, Chengrun and Wang, Xuezhi and Lu, Yifeng and Liu, Hanxiao and Le, Quoc V and Zhou, Denny and Chen, Xinyun},
  journal=ICLR,
  year={2024}
}
@inproceedings{radford2021learning,
  title={Learning transferable visual models from natural language supervision},
  author={Radford, Alec and Kim, Jong Wook and Hallacy, Chris and Ramesh, Aditya and Goh, Gabriel and Agarwal, Sandhini and Sastry, Girish and Askell, Amanda and Mishkin, Pamela and Clark, Jack and others},
  booktitle=ICML,
  year={2021},
  organization={PMLR}
}
@inproceedings{bourtoule2021machine,
  title={Machine unlearning},
  author={Bourtoule, Lucas and Chandrasekaran, Varun and Choquette-Choo, Christopher A and Jia, Hengrui and Travers, Adelin and Zhang, Baiwu and Lie, David and Papernot, Nicolas},
  booktitle=SP,
  year={2021},
  organization={IEEE}
}
@misc{ha2023hod,
      title={HOD: A Benchmark Dataset for Harmful Object Detection}, 
      author={Eungyeom Ha and Heemook Kim and Sung Chul Hong and Dongbin Na},
      year={2023},
      eprint={2310.05192},
      archivePrefix={arXiv},
      primaryClass={cs.CV}
}