% Long form of conference & journal abbreviations -- especially for camera ready
@String(PAMI  = {IEEE Trans. Pattern Anal. Mach. Intell.})
@String(IJCV  = {Int. J. Comput. Vis.})
@String(CVPR  = {IEEE Conf. Comput. Vis. Pattern Recog.})
@String(ICCV  = {Int. Conf. Comput. Vis.})
@String(ECCV  = {Eur. Conf. Comput. Vis.})
@String(NeurIPS = {Adv. Neural Inform. Process. Syst.})
@String(ICML  = {Int. Conf. Mach. Learn.})
@String(ICLR  = {Int. Conf. Learn. Represent.})
@String(ACCV  = {Asian Conf. Comput. Vis.})
@String(BMVC  = {Brit. Mach. Vis. Conf.})
@String(CVPRW = {IEEE Conf. Comput. Vis. Pattern Recog. Worksh.})
@String(AAAI  = {AAAI})
@String(IJCAI = {IJCAI})
@String(ICIP  = {IEEE Int. Conf. Image Process.})
@String(ICPR  = {Int. Conf. Pattern Recog.})
@String(ICASSP=	{ICASSP})
@String(ICME  = {Int. Conf. Multimedia and Expo})
@String(JMLR  = {J. Mach. Learn. Res.})
@String(TMLR  = {Trans. Mach. Learn Res.})
@String(TOG   = {ACM Trans. Graph.})
@String(TIP   = {IEEE Trans. Image Process.})
@String(TVCG  = {IEEE Trans. Vis. Comput. Graph.})
@String(TCSVT = {IEEE Trans. Circuit Syst. Video Technol.})
@String(TMM   = {IEEE Trans. Multimedia})
@String(ACMMM = {ACM Int. Conf. Multimedia})
@String(PR    = {Pattern Recognition})

@String(MNI	  = {Nature Mach. Intell.})
@String(SPL	  = {IEEE Sign. Process. Letters})
@String(VR    = {Vis. Res.})
@String(JOV	  = {J. Vis.})
@String(TVC   = {The Vis. Comput.})
@String(JCST  = {J. Comput. Sci. Tech.})
@String(CGF   = {Comput. Graph. Forum})
@String(CVM   = {Computational Visual Media})


% Short form of conference & journal abbreviations -- especially for submission version
% if desired, remove these macros in favor of the above ones
@String(PAMI  = {IEEE TPAMI})
@String(IJCV  = {IJCV})
@String(CVPR  = {CVPR})
@String(ICCV  = {ICCV})
@String(ECCV  = {ECCV})
@String(NeurIPS = {NeurIPS})
@String(ICML  = {ICML})
@String(ICLR  = {ICLR})
@String(ACCV  = {ACCV})
@String(BMVC  =	{BMVC})
@String(CVPRW = {CVPRW})
@String(AAAI  = {AAAI})
@String(IJCAI = {IJCAI})
@String(ICIP  = {ICIP})
@String(ICPR  = {ICPR})
@String(ICASSP=	{ICASSP})
@String(ICME  =	{ICME})
@String(JMLR  = {JMLR})
@String(TMLR  = {TMLR})
@String(TOG   = {ACM TOG})
@String(TIP   = {IEEE TIP})
@String(TVCG  = {IEEE TVCG})
@String(TCSVT = {IEEE TCSVT})
@String(TMM   =	{IEEE TMM})
@String(ACMMM = {ACM MM})
@String(PR    = {PR})



@misc{Anonymous24,
 author = {Anonymous},
 title = {The frobnicatable foo filter},
 note = {{ECCV} submission ID 00324, supplied as supplemental material {\tt 00324.pdf}},
 year = 2024
}

@misc{Anonymous24b,
 author = {Anonymous},
 title = {Frobnication tutorial},
 note = {Supplied as supplemental material {\tt tr.pdf}},
 year = 2024
}

@article{Alpher02,
author = {FirstName Alpher},
title = {Frobnication},
journal = PAMI,
volume = 12,
number = 1,
pages = {234--778},
year = 2002
}

@article{Alpher03,
author = {FirstName Alpher and FirstName Fotheringham-Smythe},
title = {Frobnication revisited},
journal = {Journal of Foo},
volume = 13,
number = 1,
pages = {234--778},
year = 2003
}

@article{Alpher04,
author = {FirstName Alpher and FirstName Fotheringham-Smythe and FirstName Gamow},
title = {Can a machine frobnicate?},
journal = {Journal of Foo},
volume = 14,
number = 1,
pages = {234--778},
year = 2004
}

@inproceedings{Alpher05,
author = {FirstName Alpher and FirstName Gamow},
title = {Can a computer frobnicate?},
booktitle = CVPR,
pages = {234--778},
year = 2005
}

@book{ECCV2022,
    editor = {Shai Avidan and Gabriel Brostow and Moustapha Ciss√© and Giovanni Maria Farinella and Tal Hassner},
    title = {Computer Vision -- ECCV 2022},
    year = {2022},
    publisher = {Springer},
    doi = {10.1007/978-3-031-19769-7}
}

@article{balaji2022ediffi,
  title={ediffi: Text-to-image diffusion models with an ensemble of expert denoisers},
  author={Balaji, Yogesh and Nah, Seungjun and Huang, Xun and Vahdat, Arash and Song, Jiaming and Kreis, Karsten and Aittala, Miika and Aila, Timo and Laine, Samuli and Catanzaro, Bryan and others},
  journal={arXiv preprint arXiv:2211.01324},
  year={2022}
}
@article{huang2023composer,
  title={Composer: Creative and controllable image synthesis with composable conditions},
  author={Huang, Lianghua and Chen, Di and Liu, Yu and Shen, Yujun and Zhao, Deli and Zhou, Jingren},
  journal={arXiv preprint arXiv:2302.09778},
  year={2023}
}
@article{nichol2021glide,
  title={Glide: Towards photorealistic image generation and editing with text-guided diffusion models},
  author={Nichol, Alex and Dhariwal, Prafulla and Ramesh, Aditya and Shyam, Pranav and Mishkin, Pamela and McGrew, Bob and Sutskever, Ilya and Chen, Mark},
  journal={arXiv preprint arXiv:2112.10741},
  year={2021}
}
@article{ramesh2022hierarchical,
  title={Hierarchical text-conditional image generation with clip latents},
  author={Ramesh, Aditya and Dhariwal, Prafulla and Nichol, Alex and Chu, Casey and Chen, Mark},
  journal={arXiv preprint arXiv:2204.06125},
  year={2022}
}

@article{saharia2022photorealistic,
  title={Photorealistic text-to-image diffusion models with deep language understanding},
  author={Saharia, Chitwan and Chan, William and Saxena, Saurabh and Li, Lala and Whang, Jay and Denton, Emily L and Ghasemipour, Kamyar and Gontijo Lopes, Raphael and Karagol Ayan, Burcu and Salimans, Tim and others},
  journal={Advances in Neural Information Processing Systems},
  year={2022}
}
@inproceedings{zhang2023adding,
  title={Adding conditional control to text-to-image diffusion models},
  author={Zhang, Lvmin and Rao, Anyi and Agrawala, Maneesh},
  booktitle={Proceedings of the IEEE/CVF International Conference on Computer Vision},
  year={2023}
}
@article{mou2023t2i,
  title={T2i-adapter: Learning adapters to dig out more controllable ability for text-to-image diffusion models},
  author={Mou, Chong and Wang, Xintao and Xie, Liangbin and Wu, Yanze and Zhang, Jian and Qi, Zhongang and Shan, Ying and Qie, Xiaohu},
  journal={arXiv preprint arXiv:2302.08453},
  year={2023}
}
@article{ye2023ip,
  title={Ip-adapter: Text compatible image prompt adapter for text-to-image diffusion models},
  author={Ye, Hu and Zhang, Jun and Liu, Sibo and Han, Xiao and Yang, Wei},
  journal={arXiv preprint arXiv:2308.06721},
  year={2023}
}

@article{wang2023disco,
  title={Disco: Disentangled control for referring human dance generation in real world},
  author={Wang, Tan and Li, Linjie and Lin, Kevin and Zhai, Yuanhao and Lin, Chung-Ching and Yang, Zhengyuan and Zhang, Hanwang and Liu, Zicheng and Wang, Lijuan},
  journal={arXiv preprint arXiv:2307.00040},
  year={2023}
}

@inproceedings{chan2019everybody,
  title={Everybody dance now},
  author={Chan, Caroline and Ginosar, Shiry and Zhou, Tinghui and Efros, Alexei A},
  booktitle={Proceedings of the IEEE/CVF International Conference on Computer Vision},
  year={2019}
}
@article{ren2020deep,
  title={Deep spatial transformation for pose-guided person image generation and animation},
  author={Ren, Yurui and Li, Ge and Liu, Shan and Li, Thomas H},
  journal={IEEE Transactions on Image Processing},
  volume={29},
  pages={8622--8635},
  year={2020},
  publisher={IEEE}
}

@inproceedings{siarohin2021motion,
  title={Motion representations for articulated animation},
  author={Siarohin, Aliaksandr and Woodford, Oliver J and Ren, Jian and Chai, Menglei and Tulyakov, Sergey},
  booktitle={Proceedings of the IEEE/CVF Conference on Computer Vision and Pattern Recognition},
  year={2021}
}
@inproceedings{yu2023bidirectionally,
  title={Bidirectionally deformable motion modulation for video-based human pose transfer},
  author={Yu, Wing-Yin and Po, Lai-Man and Cheung, Ray CC and Zhao, Yuzhi and Xue, Yu and Li, Kun},
  booktitle={Proceedings of the IEEE/CVF International Conference on Computer Vision},
  year={2023}
}
@inproceedings{zhang2022exploring,
  title={Exploring dual-task correlation for pose guided person image generation},
  author={Zhang, Pengze and Yang, Lingxiao and Lai, Jian-Huang and Xie, Xiaohua},
  booktitle={Proceedings of the IEEE/CVF Conference on Computer Vision and Pattern Recognition},
  year={2022}
}
@inproceedings{zhao2022thin,
  title={Thin-plate spline motion model for image animation},
  author={Zhao, Jian and Zhang, Hui},
  booktitle={Proceedings of the IEEE/CVF Conference on Computer Vision and Pattern Recognition},
  year={2022}
}
@inproceedings{yoon2021pose,
  title={Pose-guided human animation from a single image in the wild},
  author={Yoon, Jae Shin and Liu, Lingjie and Golyanik, Vladislav and Sarkar, Kripasindhu and Park, Hyun Soo and Theobalt, Christian},
  booktitle={Proceedings of the IEEE/CVF Conference on Computer Vision and Pattern Recognition},
  year={2021}
}
@inproceedings{bhunia2023person,
  title={Person image synthesis via denoising diffusion model},
  author={Bhunia, Ankan Kumar and Khan, Salman and Cholakkal, Hisham and Anwer, Rao Muhammad and Laaksonen, Jorma and Shah, Mubarak and Khan, Fahad Shahbaz},
  booktitle={Proceedings of the IEEE/CVF Conference on Computer Vision and Pattern Recognition},
  year={2023}
}
@inproceedings{karras2023dreampose,
  title={Dreampose: Fashion video synthesis with stable diffusion},
  author={Karras, Johanna and Holynski, Aleksander and Wang, Ting-Chun and Kemelmacher-Shlizerman, Ira},
  booktitle={Proceedings of the IEEE/CVF International Conference on Computer Vision},
  year={2023}
}

@article{kingma2013auto,
  title={Auto-encoding variational bayes},
  author={Kingma, Diederik P and Welling, Max},
  journal={arXiv preprint arXiv:1312.6114},
  year={2013}
}

@article{guo2023animatediff,
  title={Animatediff: Animate your personalized text-to-image diffusion models without specific tuning},
  author={Guo, Yuwei and Yang, Ceyuan and Rao, Anyi and Wang, Yaohui and Qiao, Yu and Lin, Dahua and Dai, Bo},
  journal={arXiv preprint arXiv:2307.04725},
  year={2023}
}
@article{xu2023magicanimate,
  title={Magicanimate: Temporally consistent human image animation using diffusion model},
  author={Xu, Zhongcong and Zhang, Jianfeng and Liew, Jun Hao and Yan, Hanshu and Liu, Jia-Wei and Zhang, Chenxu and Feng, Jiashi and Shou, Mike Zheng},
  journal={arXiv preprint arXiv:2311.16498},
  year={2023}
}
@inproceedings{guler2018dense,
  title={Dense human pose estimation in the wild},
  author={Guler, RA and Neverova, Natalia and DensePose, IK},
  booktitle={Proceedings of the IEEE/CVF Conference on Computer Vision and Pattern Recognition},
  year={2018}
}
@inproceedings{cao2017realtime,
  title={Realtime multi-person 2d pose estimation using part affinity fields},
  author={Cao, Zhe and Simon, Tomas and Wei, Shih-En and Sheikh, Yaser},
  booktitle={Proceedings of the IEEE/CVF Conference on Computer Vision and Pattern Recognition},
  year={2017}
}

@article{SMPL:2015,
      author = {Loper, Matthew and Mahmood, Naureen and Romero, Javier and Pons-Moll, Gerard and Black, Michael J.},
      title = {{SMPL}: A Skinned Multi-Person Linear Model},
      journal = {ACM Trans. Graphics (Proc. SIGGRAPH Asia)},
      month = oct,
      number = {6},
      pages = {248:1--248:16},
      publisher = {ACM},
      volume = {34},
      year = {2015}
    }

@inproceedings{hassan2021populating,
  title={Populating 3D scenes by learning human-scene interaction},
  author={Hassan, Mohamed and Ghosh, Partha and Tesch, Joachim and Tzionas, Dimitrios and Black, Michael J},
  booktitle={Proceedings of the IEEE/CVF Conference on Computer Vision and Pattern Recognition},
  year={2021}
}
@inproceedings{ma2020learning,
  title={Learning to dress 3d people in generative clothing},
  author={Ma, Qianli and Yang, Jinlong and Ranjan, Anurag and Pujades, Sergi and Pons-Moll, Gerard and Tang, Siyu and Black, Michael J},
  booktitle={Proceedings of the IEEE/CVF Conference on Computer Vision and Pattern Recognition},
  year={2020}
}
@inproceedings{he2021arch,
  title={Arch++: Animation-ready clothed human reconstruction revisited},
  author={He, Tong and Xu, Yuanlu and Saito, Shunsuke and Soatto, Stefano and Tung, Tony},
  booktitle={Proceedings of the IEEE/CVF International Conference on Computer Vision},
  year={2021}
}
@inproceedings{alldieck2018video,
  title={Video based reconstruction of 3d people models},
  author={Alldieck, Thiemo and Magnor, Marcus and Xu, Weipeng and Theobalt, Christian and Pons-Moll, Gerard},
  booktitle={Proceedings of the IEEE Conference on Computer Vision and Pattern Recognition},
  year={2018}
}
@article{lu2023dposer,
  title={DPoser: Diffusion Model as Robust 3D Human Pose Prior},
  author={Lu, Junzhe and Lin, Jing and Dou, Hongkun and Zhang, Yulun and Deng, Yue and Wang, Haoqian},
  journal={arXiv preprint arXiv:2312.05541},
  year={2023}
}
@article{mu2023actorsnerf,
  title={ActorsNeRF: Animatable Few-shot Human Rendering with Generalizable NeRFs},
  author={Mu, Jiteng and Sang, Shen and Vasconcelos, Nuno and Wang, Xiaolong},
  journal={arXiv preprint arXiv:2304.14401},
  year={2023}
}
@inproceedings{yang2023effective,
  title={Effective whole-body pose estimation with two-stages distillation},
  author={Yang, Zhendong and Zeng, Ailing and Yuan, Chun and Li, Yu},
  booktitle={Proceedings of the IEEE/CVF International Conference on Computer Vision},
  year={2023}
}
@article{feng2023dreamoving,
  title={DreaMoving: A Human Dance Video Generation Framework based on Diffusion Models},
  author={Feng, Mengyang and Liu, Jinlin and Yu, Kai and Yao, Yuan and Hui, Zheng and Guo, Xiefan and Lin, Xianhui and Xue, Haolan and Shi, Chen and Li, Xiaowen and others},
  journal={arXiv preprint arXiv:2312.05107},
  year={2023}
}

@article{Guler2018DensePose,
  title={DensePose: Dense Human Pose Estimation In The Wild},
  author={Riza Alp Guler, Natalia Neverova, Iasonas Kokkinos},
  journal={Proceedings of the IEEE/CVF Conference on Computer Vision and Pattern Recognition},
  year={2018}
}
@article{wang2004image,
  title={Image quality assessment: from error visibility to structural similarity},
  author={Wang, Zhou and Bovik, Alan C and Sheikh, Hamid R and Simoncelli, Eero P},
  journal={IEEE Transactions on Image Processing},
  volume={13},
  number={4},
  pages={600--612},
  year={2004},
  publisher={IEEE}
}
@inproceedings{zhang2018unreasonable,
  title={The unreasonable effectiveness of deep features as a perceptual metric},
  author={Zhang, Richard and Isola, Phillip and Efros, Alexei A and Shechtman, Eli and Wang, Oliver},
  booktitle={Proceedings of the IEEE/CVF Conference on Computer Vision and Pattern Recognition},
  year={2018}
}




@article{ho2020denoising,
  title={Denoising diffusion probabilistic models},
  author={Ho, Jonathan and Jain, Ajay and Abbeel, Pieter},
  journal={Advances in Neural Information Processing Systems},
  year={2020}
}



@inproceedings{ronneberger2015u,
  title={U-net: Convolutional networks for biomedical image segmentation},
  author={Ronneberger, Olaf and Fischer, Philipp and Brox, Thomas},
  booktitle={Medical Image Computing and Computer-Assisted Intervention},
  year={2015},
  organization={Springer}
}

@inproceedings{song2020denoising,
  title={Denoising Diffusion Implicit Models},
  author={Song, Jiaming and Meng, Chenlin and Ermon, Stefano},
  booktitle={International Conference on Learning Representations},
  year={2020}
}

@article{lu2022dpm,
  title={Dpm-solver: A fast ode solver for diffusion probabilistic model sampling in around 10 steps},
  author={Lu, Cheng and Zhou, Yuhao and Bao, Fan and Chen, Jianfei and Li, Chongxuan and Zhu, Jun},
  journal={Advances in Neural Information Processing Systems},
  year={2022}
}

@inproceedings{hertz2022prompt,
  title={Prompt-to-Prompt Image Editing with Cross-Attention Control},
  author={Hertz, Amir and Mokady, Ron and Tenenbaum, Jay and Aberman, Kfir and Pritch, Yael and Cohen-or, Daniel},
  booktitle={International Conference on Learning Representations},
  year={2022}
}


@article{zhang2023pia,
  title={Pia: Your personalized image animator via plug-and-play modules in text-to-image models},
  author={Zhang, Yiming and Xing, Zhening and Zeng, Yanhong and Fang, Youqing and Chen, Kai},
  journal={arXiv preprint arXiv:2312.13964},
  year={2023}
}



@article{ho2022video,
title={Video diffusion models},
author={Ho, Jonathan and Salimans, Tim and Gritsenko, Alexey and Chan, William and Norouzi, Mohammad and Fleet, David J},
journal={arXiv:2204.03458},
year={2022}}
}
@article{singer2022make,
  title={Make-a-video: Text-to-video generation without text-video data},
  author={Singer, Uriel and Polyak, Adam and Hayes, Thomas and Yin, Xi and An, Jie and Zhang, Songyang and Hu, Qiyuan and Yang, Harry and Ashual, Oron and Gafni, Oran and others},
  journal={arXiv preprint arXiv:2209.14792},
  year={2022}
}
@article{he2022latent,
  title={Latent video diffusion models for high-fidelity video generation with arbitrary lengths},
  author={He, Yingqing and Yang, Tianyu and Zhang, Yong and Shan, Ying and Chen, Qifeng},
  journal={arXiv preprint arXiv:2211.13221},
  year={2022}
}

@article{zhou2022magicvideo,
  title={Magicvideo: Efficient video generation with latent diffusion models},
  author={Zhou, Daquan and Wang, Weimin and Yan, Hanshu and Lv, Weiwei and Zhu, Yizhe and Feng, Jiashi},
  journal={arXiv preprint arXiv:2211.11018},
  year={2022}
}
@article{wang2023modelscope,
  title={Modelscope text-to-video technical report},
  author={Wang, Jiuniu and Yuan, Hangjie and Chen, Dayou and Zhang, Yingya and Wang, Xiang and Zhang, Shiwei},
  journal={arXiv preprint arXiv:2308.06571},
  year={2023}
}



@inproceedings{blattmann2023align,
  title={Align your latents: High-resolution video synthesis with latent diffusion models},
  author={Blattmann, Andreas and Rombach, Robin and Ling, Huan and Dockhorn, Tim and Kim, Seung Wook and Fidler, Sanja and Kreis, Karsten},
  booktitle={Proceedings of the IEEE/CVF Conference on Computer Vision and Pattern Recognition},
  year={2023}
}

@article{an2023latent,
  title={Latent-shift: Latent diffusion with temporal shift for efficient text-to-video generation},
  author={An, Jie and Zhang, Songyang and Yang, Harry and Gupta, Sonal and Huang, Jia-Bin and Luo, Jiebo and Yin, Xi},
  journal={arXiv preprint arXiv:2304.08477},
  year={2023}
}

@article{wang2023videofactory,
  title={VideoFactory: Swap Attention in Spatiotemporal Diffusions for Text-to-Video Generation},
  author={Wang, Wenjing and Yang, Huan and Tuo, Zixi and He, Huiguo and Zhu, Junchen and Fu, Jianlong and Liu, Jiaying},
  journal={arXiv preprint arXiv:2305.10874},
  year={2023}
}


@article{bar2024lumiere,
  title={Lumiere: A space-time diffusion model for video generation},
  author={Bar-Tal, Omer and Chefer, Hila and Tov, Omer and Herrmann, Charles and Paiss, Roni and Zada, Shiran and Ephrat, Ariel and Hur, Junhwa and Li, Yuanzhen and Michaeli, Tomer and others},
  journal={arXiv preprint arXiv:2401.12945},
  year={2024}
}

@article{Girdhar2023EmuVF,
  title={Emu video: Factorizing text-to-video generation by explicit image conditioning},
  author={Girdhar, Rohit and Singh, Mannat and Brown, Andrew and Duval, Quentin and Azadi, Samaneh and Rambhatla, Sai Saketh and Shah, Akbar and Yin, Xi and Parikh, Devi and Misra, Ishan},
  journal={arXiv preprint arXiv:2311.10709},
  year={2023}
}






@article{jiang2023videobooth,
  title={VideoBooth: Diffusion-based Video Generation with Image Prompts},
  author={Jiang, Yuming and Wu, Tianxing and Yang, Shuai and Si, Chenyang and Lin, Dahua and Qiao, Yu and Loy, Chen Change and Liu, Ziwei},
  journal={arXiv preprint arXiv:2312.00777},
  year={2023}
}

@article{guo2023sparsectrl,
  title={SparseCtrl: Adding Sparse Controls to Text-to-Video Diffusion Models},
  author={Guo, Yuwei and Yang, Ceyuan and Rao, Anyi and Agrawala, Maneesh and Lin, Dahua and Dai, Bo},
  journal={arXiv preprint arXiv:2311.16933},
  year={2023}
}


@article{2023i2vgenxl,
title={I2VGen-XL: High-Quality Image-to-Video Synthesis via Cascaded Diffusion Models},
 author={Zhang, Shiwei* and Wang, Jiayu* and Zhang, Yingya* and Zhao, Kang and Yuan, Hangjie and Qing, Zhiwu and Wang, Xiang and Zhao, Deli and Zhou, Jingren},
 booktitle={arXiv preprint arXiv:2311.04145},
 year={2023}
}

@article{xing2023dynamicrafter,
  title={Dynamicrafter: Animating open-domain images with video diffusion priors},
  author={Xing, Jinbo and Xia, Menghan and Zhang, Yong and Chen, Haoxin and Wang, Xintao and Wong, Tien-Tsin and Shan, Ying},
  journal={arXiv preprint arXiv:2310.12190},
  year={2023}
}

@article{zhang2024moonshot,
  title={MoonShot: Towards Controllable Video Generation and Editing with Multimodal Conditions},
  author={Zhang, David Junhao and Li, Dongxu and Le, Hung and Shou, Mike Zheng and Xiong, Caiming and Sahoo, Doyen},
  journal={arXiv preprint arXiv:2401.01827},
  year={2024}
}

@article{guo2023i2v,
  title={I2V-Adapter: A General Image-to-Video Adapter for Video Diffusion Models},
  author={Guo, Xun and Zheng, Mingwu and Hou, Liang and Gao, Yuan and Deng, Yufan and Ma, Chongyang and Hu, Weiming and Zha, Zhengjun and Huang, Haibin and Wan, Pengfei and others},
  journal={arXiv preprint arXiv:2312.16693},
  year={2023}
}

@article{yin2023dragnuwa,
  title={Dragnuwa: Fine-grained control in video generation by integrating text, image, and trajectory},
  author={Yin, Shengming and Wu, Chenfei and Liang, Jian and Shi, Jie and Li, Houqiang and Ming, Gong and Duan, Nan},
  journal={arXiv preprint arXiv:2308.08089},
  year={2023}
}

@article{ma2023trailblazer,
  title={TrailBlazer: Trajectory Control for Diffusion-Based Video Generation},
  author={Ma, Wan-Duo Kurt and Lewis, JP and Kleijn, W Bastiaan},
  journal={arXiv preprint arXiv:2401.00896},
  year={2023}
}


@article{ho2022imagenvideo,
  title={Imagen video: High definition video generation with diffusion models},
  author={Ho, Jonathan and Chan, William and Saharia, Chitwan and Whang, Jay and Gao, Ruiqi and Gritsenko, Alexey and Kingma, Diederik P and Poole, Ben and Norouzi, Mohammad and Fleet, David J and others},
  journal={arXiv preprint arXiv:2210.02303},
  year={2022}
}



@inproceedings{Bain21,
  title={Frozen in time: A joint video and image encoder for end-to-end retrieval},
  author={Bain, Max and Nagrani, Arsha and Varol, G{\"u}l and Zisserman, Andrew},
  booktitle={Proceedings of the IEEE/CVF International Conference on Computer Vision},
  year={2021}
}


@article{mirza2014conditional,
  title={Conditional generative adversarial nets},
  author={Mirza, Mehdi and Osindero, Simon},
  journal={arXiv preprint arXiv:1411.1784},
  year={2014}
}

@article{goodfellow2014generative,
  title={Generative adversarial nets},
  author={Goodfellow, Ian and Pouget-Abadie, Jean and Mirza, Mehdi and Xu, Bing and Warde-Farley, David and Ozair, Sherjil and Courville, Aaron and Bengio, Yoshua},
  journal={Advances in Neural Information Processing Systems},
  year={2014}
}



@inproceedings{wang2021one,
  title={One-shot free-view neural talking-head synthesis for video conferencing},
  author={Wang, Ting-Chun and Mallya, Arun and Liu, Ming-Yu},
  booktitle={Proceedings of the IEEE/CVF Conference on Computer Vision and Pattern Recognition},
  year={2021}
}



@inproceedings{5596999,
  title={Image quality metrics: PSNR vs. SSIM},
  author={Hore, Alain and Ziou, Djemel},
  booktitle={International Conference on Pattern Recognition},
  year={2010},
  organization={IEEE}
}

@inproceedings{ijcai2019p276,
  title     = {Conditional GAN with Discriminative Filter Generation for Text-to-Video Synthesis},
  author    = {Balaji, Yogesh and Min, Martin Renqiang and Bai, Bing and Chellappa, Rama and Graf, Hans Peter},
  booktitle = {Proceedings of theInternational Joint Conference on
               Artificial Intelligence},
  year      = {2019},
}

@article{unterthiner2018towards,
  title={Towards Accurate Generative Models of Video: A New Metric \& Challenges},
  author={Unterthiner, Thomas and van Steenkiste, Sjoerd and Kurach, Karol and Marinier, Raphael and Michalski, Marcin and Gelly, Sylvain},
  journal={arXiv preprint arXiv:1812.01717},
  year={2018}
}



@article{tian2021good,
  title={A good image generator is what you need for high-resolution video synthesis},
  author={Tian, Yu and Ren, Jian and Chai, Menglei and Olszewski, Kyle and Peng, Xi and Metaxas, Dimitris N and Tulyakov, Sergey},
  journal={arXiv preprint arXiv:2104.15069},
  year={2021}
}

@inproceedings{wang2020g3an,
  title={G3AN: Disentangling appearance and motion for video generation},
  author={Wang, Yaohui and Bilinski, Piotr and Bremond, Francois and Dantcheva, Antitza},
  booktitle={Proceedings of the IEEE/CVF Conference on Computer Vision and Pattern Recognition},
  year={2020}
}


@article{zhang2023magicavatar,
  title={Magicavatar: Multimodal avatar generation and animation},
  author={Zhang, Jianfeng and Yan, Hanshu and Xu, Zhongcong and Feng, Jiashi and Liew, Jun Hao},
  journal={arXiv preprint arXiv:2308.14748},
  year={2023}
}

@inproceedings{tseng2022edge,
  title={Edge: Editable dance generation from music},
  author={Tseng, Jonathan and Castellon, Rodrigo and Liu, Karen},
  booktitle={Proceedings of the IEEE/CVF Conference on Computer Vision and Pattern Recognition},
  year={2023}
}

@article{goel2023humans,
  title={Humans in 4D: Reconstructing and Tracking Humans with Transformers},
  author={Goel, Shubham and Pavlakos, Georgios and Rajasegaran, Jathushan and Kanazawa, Angjoo and Malik, Jitendra},
  journal={arXiv preprint arXiv:2305.20091},
  year={2023}
}

@article{hu2023sherf,
  title={SHERF: Generalizable Human NeRF from a Single Image},
  author={Hu, Shoukang and Hong, Fangzhou and Pan, Liang and Mei, Haiyi and Yang, Lei and Liu, Ziwei},
  journal={arXiv preprint arXiv:2303.12791},
  year={2023}
}

@article{li2024synthesizing,
  title={Synthesizing Moving People with 3D Control},
  author={Li, Boyi and Rajasegaran, Jathushan and Gandelsman, Yossi and Efros, Alexei A and Malik, Jitendra},
  journal={arXiv preprint arXiv:2401.10889},
  year={2024}
}

@misc{sarkar2021neural,
      title={Neural Re-Rendering of Humans from a Single Image}, 
      author={Kripasindhu Sarkar and Dushyant Mehta and Weipeng Xu and Vladislav Golyanik and Christian Theobalt},
      year={2021},
      eprint={2101.04104},
      archivePrefix={arXiv},
      primaryClass={cs.CV}
}

@article{pifuSHNMKL19,
  title={PIFu: Pixel-Aligned Implicit Function for 
High-Resolution Clothed Human Digitization},
  author = {Shunsuke Saito and
  and Zeng Huang
  and Ryota Natsume
  and Shigeo Morishima
  and Angjoo Kanazawa
  and Hao Li
  },
  journal={arXiv preprint arXiv:1905.05172},
  year={2019}
}

@inproceedings{albahar2023humansgd,
  author    = {AlBahar, Badour and Saito, Shunsuke and Tseng, Hung-Yu and Kim, Changil and Kopf, Johannes and Huang, Jia-Bin},
  title     = {Single-Image 3D Human Digitization with Shape-Guided Diffusion},
  booktitle = {SIGGRAPH Asia},
  year      = {2023},
}

@misc{yoon2021poseguided,
      title={Pose-Guided Human Animation from a Single Image in the Wild}, 
      author={Jae Shin Yoon and Lingjie Liu and Vladislav Golyanik and Kripasindhu Sarkar and Hyun Soo Park and Christian Theobalt},
      year={2021},
      eprint={2012.03796},
      archivePrefix={arXiv},
      primaryClass={cs.CV}
}

@misc{sarkar2021humangan,
      title={HumanGAN: A Generative Model of Humans Images}, 
      author={Kripasindhu Sarkar and Lingjie Liu and Vladislav Golyanik and Christian Theobalt},
      year={2021},
      eprint={2103.06902},
      archivePrefix={arXiv},
      primaryClass={cs.CV}
}

@article{cao2023dreamavatar,
          title={Dreamavatar: Text-and-shape guided 3d human avatar generation via diffusion models},
          author={Cao, Yukang and Cao, Yan-Pei and Han, Kai and Shan, Ying and Wong, Kwan-Yee K},
          journal={arXiv preprint arXiv:2304.00916},
          year={2023}
}

@inproceedings{prokudin2021smplpix,
  title={SMPLpix: Neural Avatars from 3D Human Models},
  author={Prokudin, Sergey and Black, Michael J and Romero, Javier},
  booktitle={Proceedings of the IEEE/CVF Winter Conference on Applications of Computer Vision},
  pages={1810--1819},
  year={2021}
}

@article{fu2022styleganhuman,
      title={StyleGAN-Human: A Data-Centric Odyssey of Human Generation}, 
      author={Fu, Jianglin and Li, Shikai and Jiang, Yuming and Lin, Kwan-Yee and Qian, Chen and Loy, Chen-Change and Wu, Wayne and Liu, Ziwei},
      journal   = {arXiv preprint},
      volume    = {arXiv:2204.11823},
      year    = {2022}
}

@inproceedings{jiang2023humangen,
    title={Humangen: Generating human radiance fields with explicit priors},
    author={Jiang, Suyi and Jiang, Haoran and Wang, Ziyu and Luo, Haimin 
        and Chen, Wenzheng and Xu, Lan},
    booktitle={Proceedings of the IEEE/CVF Conference on Computer Vision and 
        Pattern Recognition},
    pages={12543--12554},
    year={2023}
  }



@misc{xu2024hallo,
  title={Hallo: Hierarchical Audio-Driven Visual Synthesis for Portrait Image Animation},
  author={Mingwang Xu and Hui Li and Qingkun Su and Hanlin Shang and Liwei Zhang and Ce Liu and Jingdong Wang and Yao Yao and Siyu zhu},
  year={2024},
  eprint={2406.08801},
  archivePrefix={arXiv},
  primaryClass={cs.CV}
}

@article{yang2024cogvideox,
  title={Cogvideox: Text-to-video diffusion models with an expert transformer},
  author={Yang, Zhuoyi and Teng, Jiayan and Zheng, Wendi and Ding, Ming and Huang, Shiyu and Xu, Jiazheng and Yang, Yuanming and Hong, Wenyi and Zhang, Xiaohan and Feng, Guanyu and others},
  journal={arXiv preprint arXiv:2408.06072},
  year={2024}
}

@article{yuan2024magictime,
  title={MagicTime: Time-lapse Video Generation Models as Metamorphic Simulators},
  author={Yuan, Shenghai and Huang, Jinfa and Shi, Yujun and Xu, Yongqi and Zhu, Ruijie and Lin, Bin and Cheng, Xinhua and Yuan, Li and Luo, Jiebo},
  journal={arXiv preprint arXiv:2404.05014},
  year={2024}
}





@article{sun2023vividtalk,
  title={Vividtalk: One-shot audio-driven talking head generation based on 3d hybrid prior},
  author={Sun, Xusen and Zhang, Longhao and Zhu, Hao and Zhang, Peng and Zhang, Bang and Ji, Xinya and Zhou, Kangneng and Gao, Daiheng and Bo, Liefeng and Cao, Xun},
  journal={arXiv preprint arXiv:2312.01841},
  year={2023}
}

@inproceedings{shen2023difftalk,
  title={Difftalk: Crafting diffusion models for generalized audio-driven portraits animation},
  author={Shen, Shuai and Zhao, Wenliang and Meng, Zibin and Li, Wanhua and Zhu, Zheng and Zhou, Jie and Lu, Jiwen},
  booktitle={Proceedings of the IEEE/CVF Conference on Computer Vision and Pattern Recognition},
  pages={1982--1991},
  year={2023}
}

@article{ma2023dreamtalk,
  title={Dreamtalk: When expressive talking head generation meets diffusion probabilistic models},
  author={Ma, Yifeng and Zhang, Shiwei and Wang, Jiayu and Wang, Xiang and Zhang, Yingya and Deng, Zhidong},
  journal={arXiv preprint arXiv:2312.09767},
  year={2023}
}

@inproceedings{wang2021audio2head,
      title={Audio2Head: Audio-driven One-shot Talking-head Generation with Natural Head Motion},
      author={Wang, S and Li, L and Ding, Y and Fan, C and Yu, X},
      booktitle={International Joint Conference on Artificial Intelligence (IJCAI)},
      pages={1098--1105},
      year={2021}
}

@inproceedings{zhang2022sadtalker,
      title={Sadtalker: Learning realistic 3d motion coefficients for stylized audio-driven single image talking face animation},
      author={Zhang, Wenxuan and Cun, Xiaodong and Wang, Xuan and Zhang, Yong and Shen, Xi and Guo, Yu and Shan, Ying and Wang, Fei},
      booktitle={Proceedings of the IEEE/CVF Conference on Computer Vision and Pattern Recognition (CVPR)},
      pages={8652--8661},
      year={2023}
}

@article{Yang:2020:MakeItTalk,
      title={Makelttalk: Speaker-Aware Talking-Head Animation},
      author={Zhou, Yang and Han, Xintong and Shechtman, Eli and Echevarria, Jose and Kalogerakis, Evangelos and Li, Dingzeyu},
      journal={ACM Transactions On Graphics (TOG)},
      volume={39},
      number={6},
      pages={1--15},
      year={2020}
}


@article{saharia2022photorealistic,
      title={Photorealistic Text-to-Image Diffusion Models with Deep Language Understanding},
      author={Saharia, Chitwan and Chan, William and Saxena, Saurabh and Li, Lala and Whang, Jay and Denton, Emily L and Ghasemipour, Kamyar and Gontijo Lopes, Raphael and Karagol Ayan, Burcu and Salimans, Tim and others},
      journal={Advances in Neural Information Processing Systems (NeurIPS)},
      volume={35},
      pages={36479--36494},
      year={2022}
}

@misc{ramesh2022hierarchical,
      title={Hierarchical Text-Conditional Image Generation with CLIP Latents}, 
      author={Aditya Ramesh and Prafulla Dhariwal and Alex Nichol and Casey Chu and Mark Chen},
      year={2022},
      eprint={2204.06125},
      archivePrefix={arXiv},
      primaryClass={cs.CV}
}

@inproceedings{rombach2022highresolution,
      title={High-resolution Image Synthesis with Latent Diffusion Models},
      author={Rombach, Robin and Blattmann, Andreas and Lorenz, Dominik and Esser, Patrick and Ommer, Bj{\"o}rn},
      booktitle={Proceedings of the IEEE/CVF Conference on Computer Vision and Pattern Recognition (CVPR)},
      pages={10684--10695},
      year={2022}
}

@inproceedings{ramesh2021zeroshot,
      title={Zero-shot text-to-image generation},
      author={Ramesh, Aditya and Pavlov, Mikhail and Goh, Gabriel and Gray, Scott and Voss, Chelsea and Radford, Alec and Chen, Mark and Sutskever, Ilya},
      booktitle={International Conference on Machine Learning (ICML)},
      pages={8821--8831},
      year={2021},
      organization={Pmlr}
}

@misc{li2022upainting,
      title={UPainting: Unified Text-to-Image Diffusion Generation with Cross-modal Guidance}, 
      author={Wei Li and Xue Xu and Xinyan Xiao and Jiachen Liu and Hu Yang and Guohao Li and Zhanpeng Wang and Zhifan Feng and Qiaoqiao She and Yajuan Lyu and Hua Wu},
      year={2022},
      eprint={2210.16031},
      archivePrefix={arXiv},
      primaryClass={cs.CV}
}

@inproceedings{ruiz2023dreambooth,
      title={Dreambooth: Fine tuning text-to-image diffusion models for subject-driven generation},
      author={Ruiz, Nataniel and Li, Yuanzhen and Jampani, Varun and Pritch, Yael and Rubinstein, Michael and Aberman, Kfir},
      booktitle={Proceedings of the IEEE/CVF Conference on Computer Vision and Pattern Recognition (CVPR)},
      pages={22500--22510},
      year={2023}
}
@misc{shi2023instantbooth,
      title={InstantBooth: Personalized Text-to-Image Generation without Test-Time Finetuning}, 
      author={Jing Shi and Wei Xiong and Zhe Lin and Hyun Joon Jung},
      year={2023},
      eprint={2304.03411},
      archivePrefix={arXiv},
      primaryClass={cs.CV}
}

@inproceedings{Lu_2023_CVPR,
      title={Specialist diffusion: Plug-and-play sample-efficient fine-tuning of text-to-image diffusion models to learn any unseen style},
      author={Lu, Haoming and Tunanyan, Hazarapet and Wang, Kai and Navasardyan, Shant and Wang, Zhangyang and Shi, Humphrey},
      booktitle={Proceedings of the IEEE/CVF Conference on Computer Vision and Pattern Recognition (CVPR)},
      pages={14267--14276},
      year={2023}
}

@misc{gal2022image,
      title={An Image is Worth One Word: Personalizing Text-to-Image Generation using Textual Inversion}, 
      author={Rinon Gal and Yuval Alaluf and Yuval Atzmon and Or Patashnik and Amit H. Bermano and Gal Chechik and Daniel Cohen-Or},
      year={2022},
      eprint={2208.01618},
      archivePrefix={arXiv},
      primaryClass={cs.CV}
}

@inproceedings{kumari2023multiconcept,
      title={Multi-concept customization of text-to-image diffusion},
      author={Kumari, Nupur and Zhang, Bingliang and Zhang, Richard and Shechtman, Eli and Zhu, Jun-Yan},
      booktitle={Proceedings of the IEEE/CVF Conference on Computer Vision and Pattern Recognition (CVPR)},
      pages={1931--1941},
      year={2023}
}

@inproceedings{hu2021lora,
      title={LoRA: Low-Rank Adaptation of Large Language Models},
      author={Hu, Edward J and Wallis, Phillip and Allen-Zhu, Zeyuan and Li, Yuanzhi and Wang, Shean and Wang, Lu and Chen, Weizhu and others},
      booktitle={International Conference on Learning Representations (ICLR)},
      year={2021}
}

@inproceedings{zhang2023adding,
      title={Adding conditional control to text-to-image diffusion models},
      author={Zhang, Lvmin and Rao, Anyi and Agrawala, Maneesh},
      booktitle={Proceedings of the IEEE/CVF Conference on Computer Vision and Pattern Recognition (CVPR)},
      pages={3836--3847},
      year={2023}
}

@inproceedings{mou2023t2iadapter,
      title={T2i-adapter: Learning adapters to dig out more controllable ability for text-to-image diffusion models},
      author={Mou, Chong and Wang, Xintao and Xie, Liangbin and Wu, Yanze and Zhang, Jian and Qi, Zhongang and Shan, Ying},
      booktitle={Proceedings of the AAAI Conference on Artificial Intelligence (AAAI)},
      volume={38},
      number={5},
      pages={4296--4304},
      year={2024}
}

@misc{ye2023ipadapter,
      title={IP-Adapter: Text Compatible Image Prompt Adapter for Text-to-Image Diffusion Models}, 
      author={Hu Ye and Jun Zhang and Sibo Liu and Xiao Han and Wei Yang},
      year={2023},
      eprint={2308.06721},
      archivePrefix={arXiv},
      primaryClass={cs.CV}
}

@inproceedings{blattmann2023align,
      title={Align your latents: High-resolution video synthesis with latent diffusion models},
      author={Blattmann, Andreas and Rombach, Robin and Ling, Huan and Dockhorn, Tim and Kim, Seung Wook and Fidler, Sanja and Kreis, Karsten},
      booktitle={Proceedings of the IEEE/CVF Conference on Computer Vision and Pattern Recognition (CVPR)},
      pages={22563--22575},
      year={2023}
}

@article{harvey2022flexible,
      title={Flexible diffusion modeling of long videos},
      author={Harvey, William and Naderiparizi, Saeid and Masrani, Vaden and Weilbach, Christian and Wood, Frank},
      journal={Advances in Neural Information Processing Systems (NeurIPS)},
      volume={35},
      pages={27953--27965},
      year={2022}
}

@article{ho2022video,
      title={Video diffusion models},
      author={Ho, Jonathan and Salimans, Tim and Gritsenko, Alexey and Chan, William and Norouzi, Mohammad and Fleet, David J},
      journal={Advances in Neural Information Processing Systems (NeurIPS)},
      volume={35},
      pages={8633--8646},
      year={2022}
}

@inproceedings{khachatryan2023text2videozero,
      title={Text2video-zero: Text-to-image diffusion models are zero-shot video generators},
      author={Khachatryan, Levon and Movsisyan, Andranik and Tadevosyan, Vahram and Henschel, Roberto and Wang, Zhangyang and Navasardyan, Shant and Shi, Humphrey},
      booktitle={Proceedings of the IEEE/CVF Conference on Computer Vision and Pattern Recognition (CVPR)},
      pages={15954--15964},
      year={2023}
}

@inproceedings{luo2023videofusion,
      title={Videofusion: Decomposed diffusion models for high-quality video generation},
      author={Luo, Zhengxiong and Chen, Dayou and Zhang, Yingya and Huang, Yan and Wang, Liang and Shen, Yujun and Zhao, Deli and Zhou, Jingren and Tan, Tieniu},
      booktitle={Proceedings of the IEEE/CVF Conference on Computer Vision and Pattern Recognition (CVPR)},
      pages={10209--10218},
      year={2023}
}

@article{yang2022diffusion,
      title={Diffusion probabilistic modeling for video generation},
      author={Yang, Ruihan and Srivastava, Prakhar and Mandt, Stephan},
      journal={Entropy},
      volume={25},
      number={10},
      pages={1469},
      year={2023},
      publisher={MDPI}
}

@article{ho2022imagen,
  title={Imagen video: High definition video generation with diffusion models},
  author={Ho, Jonathan and Chan, William and Saharia, Chitwan and Whang, Jay and Gao, Ruiqi and Gritsenko, Alexey and Kingma, Diederik P and Poole, Ben and Norouzi, Mohammad and Fleet, David J and others},
  journal={arXiv preprint arXiv:2210.02303},
  year={2022}
}

@inproceedings{singer2022makeavideo,
      title={Make-A-Video: Text-to-Video Generation without Text-Video Data},
      author={Singer, Uriel and Polyak, Adam and Hayes, Thomas and Yin, Xi and An, Jie and Zhang, Songyang and Hu, Qiyuan and Yang, Harry and Ashual, Oron and Gafni, Oran and others},
      booktitle={International Conference on Learning Representations (ICLR)},
      year={2022}
}

@article{zhou2023magicvideo,
  title={Magicvideo: Efficient video generation with latent diffusion models},
  author={Zhou, Daquan and Wang, Weimin and Yan, Hanshu and Lv, Weiwei and Zhu, Yizhe and Feng, Jiashi},
  journal={arXiv preprint arXiv:2211.11018},
  year={2023}
}

@article{liu2023videop2p,
  title={Video-p2p: Video editing with cross-attention control},
  author={Liu, Shaoteng and Zhang, Yuechen and Li, Wenbo and Lin, Zhe and Jia, Jiaya},
  journal={arXiv preprint arXiv:2303.04761},
  year={2023}
}

@article{wang2024zeroshot,
  title={Zero-shot video editing using off-the-shelf image diffusion models},
  author={Wang, Wen and Jiang, Yan and Xie, Kangyang and Liu, Zide and Chen, Hao and Cao, Yue and Wang, Xinlong and Shen, Chunhua},
  journal={arXiv preprint arXiv:2303.17599},
  year={2023}
}

@article{molad2023dreamix,
  title={Dreamix: Video diffusion models are general video editors},
  author={Molad, Eyal and Horwitz, Eliahu and Valevski, Dani and Acha, Alex Rav and Matias, Yossi and Pritch, Yael and Leviathan, Yaniv and Hoshen, Yedid},
  journal={arXiv preprint arXiv:2302.01329},
  year={2023}
}

@inproceedings{esser2023structure,
      title={Structure and content-guided video synthesis with diffusion models},
      author={Esser, Patrick and Chiu, Johnathan and Atighehchian, Parmida and Granskog, Jonathan and Germanidis, Anastasis},
      booktitle={Proceedings of the IEEE/CVF Conference on Computer Vision and Pattern Recognition (CVPR)},
      pages={7346--7356},
      year={2023}
}

@article{chen2023motionconditioned,
  title={Motion-conditioned diffusion model for controllable video synthesis},
  author={Chen, Tsai-Shien and Lin, Chieh Hubert and Tseng, Hung-Yu and Lin, Tsung-Yi and Yang, Ming-Hsuan},
  journal={arXiv preprint arXiv:2304.14404},
  year={2023}
}

@article{hu2023lamd,
  title={Lamd: Latent motion diffusion for video generation},
  author={Hu, Yaosi and Chen, Zhenzhong and Luo, Chong},
  journal={arXiv preprint arXiv:2304.11603},
  year={2023}
}

@article{wang2023videocomposer,
      title={Videocomposer: Compositional video synthesis with motion controllability},
      author={Wang, Xiang and Yuan, Hangjie and Zhang, Shiwei and Chen, Dayou and Wang, Jiuniu and Zhang, Yingya and Shen, Yujun and Zhao, Deli and Zhou, Jingren},
      journal={Advances in Neural Information Processing Systems (NeurIPS)},
      volume={36},
      year={2024}
}

@inproceedings{guo2024animatediff,
      title={AnimateDiff: Animate Your Personalized Text-to-Image Diffusion Models without Specific Tuning},
      author={Guo, Yuwei and Yang, Ceyuan and Rao, Anyi and Liang, Zhengyang and Wang, Yaohui and Qiao, Yu and Agrawala, Maneesh and Lin, Dahua and Dai, Bo},
      booktitle={International Conference on Learning Representations (ICLR)},
      year={2023}
}

@article{chen2023videocrafter1,
  title={Videocrafter1: Open diffusion models for high-quality video generation},
  author={Chen, Haoxin and Xia, Menghan and He, Yingqing and Zhang, Yong and Cun, Xiaodong and Yang, Shaoshu and Xing, Jinbo and Liu, Yaofang and Chen, Qifeng and Wang, Xintao and others},
  journal={arXiv preprint arXiv:2310.19512},
  year={2023}
}

@misc{chan2019everybody,
      title={Everybody Dance Now}, 
      author={Caroline Chan and Shiry Ginosar and Tinghui Zhou and Alexei A. Efros},
      year={2019},
      eprint={1808.07371},
      archivePrefix={arXiv},
      primaryClass={cs.GR}
}

@article{Ren_2020,
   title={Deep Spatial Transformation for Pose-Guided Person Image Generation and Animation},
   volume={29},
   ISSN={1941-0042},
   url={http://dx.doi.org/10.1109/TIP.2020.3018224},
   DOI={10.1109/tip.2020.3018224},
   journal={IEEE Transactions on Image Processing},
   publisher={Institute of Electrical and Electronics Engineers (IEEE)},
   author={Ren, Yurui and Li, Ge and Liu, Shan and Li, Thomas H.},
   year={2020},
   pages={8622‚Äì8635} }


@misc{siarohin2020order,
      title={First Order Motion Model for Image Animation}, 
      author={Aliaksandr Siarohin and St√©phane Lathuili√®re and Sergey Tulyakov and Elisa Ricci and Nicu Sebe},
      year={2020},
      eprint={2003.00196},
      archivePrefix={arXiv},
      primaryClass={cs.CV}
}

@misc{siarohin2021motion,
      title={Motion Representations for Articulated Animation}, 
      author={Aliaksandr Siarohin and Oliver J. Woodford and Jian Ren and Menglei Chai and Sergey Tulyakov},
      year={2021},
      eprint={2104.11280},
      archivePrefix={arXiv},
      primaryClass={cs.CV}
}

@misc{yoon2021poseguided,
      title={Pose-Guided Human Animation from a Single Image in the Wild}, 
      author={Jae Shin Yoon and Lingjie Liu and Vladislav Golyanik and Kripasindhu Sarkar and Hyun Soo Park and Christian Theobalt},
      year={2021},
      eprint={2012.03796},
      archivePrefix={arXiv},
      primaryClass={cs.CV}
}

@misc{yu2023bidirectionally,
      title={Bidirectionally Deformable Motion Modulation For Video-based Human Pose Transfer}, 
      author={Wing-Yin Yu and Lai-Man Po and Ray C. C. Cheung and Yuzhi Zhao and Yu Xue and Kun Li},
      year={2023},
      eprint={2307.07754},
      archivePrefix={arXiv},
      primaryClass={cs.CV}
}

@misc{zhang2022exploring,
      title={Exploring Dual-task Correlation for Pose Guided Person Image Generation}, 
      author={Pengze Zhang and Lingxiao Yang and Jianhuang Lai and Xiaohua Xie},
      year={2022},
      eprint={2203.02910},
      archivePrefix={arXiv},
      primaryClass={cs.CV}
}

@misc{zhao2022thinplate,
      title={Thin-Plate Spline Motion Model for Image Animation}, 
      author={Jian Zhao and Hui Zhang},
      year={2022},
      eprint={2203.14367},
      archivePrefix={arXiv},
      primaryClass={cs.CV}
}
@misc{bhunia2023person,
      title={Person Image Synthesis via Denoising Diffusion Model}, 
      author={Ankan Kumar Bhunia and Salman Khan and Hisham Cholakkal and Rao Muhammad Anwer and Jorma Laaksonen and Mubarak Shah and Fahad Shahbaz Khan},
      year={2023},
      eprint={2211.12500},
      archivePrefix={arXiv},
      primaryClass={cs.CV}
}
@misc{karras2023dreampose,
      title={DreamPose: Fashion Image-to-Video Synthesis via Stable Diffusion}, 
      author={Johanna Karras and Aleksander Holynski and Ting-Chun Wang and Ira Kemelmacher-Shlizerman},
      year={2023},
      eprint={2304.06025},
      archivePrefix={arXiv},
      primaryClass={cs.CV}
}

@inproceedings{radford2021learning,
  title={Learning transferable visual models from natural language supervision},
  author={Radford, Alec and Kim, Jong Wook and Hallacy, Chris and Ramesh, Aditya and Goh, Gabriel and Agarwal, Sandhini and Sastry, Girish and Askell, Amanda and Mishkin, Pamela and Clark, Jack and others},
  booktitle={International conference on machine learning (ICML)},
  pages={8748--8763},
  year={2021}
}

@misc{kingma2022autoencoding,
      title={Auto-Encoding Variational Bayes}, 
      author={Diederik P Kingma and Max Welling},
      year={2022},
      eprint={1312.6114},
      archivePrefix={arXiv},
      primaryClass={stat.ML}
}
@misc{wang2024disco,
      title={DisCo: Disentangled Control for Realistic Human Dance Generation}, 
      author={Tan Wang and Linjie Li and Kevin Lin and Yuanhao Zhai and Chung-Ching Lin and Zhengyuan Yang and Hanwang Zhang and Zicheng Liu and Lijuan Wang},
      year={2024},
      eprint={2307.00040},
      archivePrefix={arXiv},
      primaryClass={cs.CV}
}

@misc{hu2023animate,
      title={Animate Anyone: Consistent and Controllable Image-to-Video Synthesis for Character Animation}, 
      author={Li Hu and Xin Gao and Peng Zhang and Ke Sun and Bang Zhang and Liefeng Bo},
      year={2023},
      eprint={2311.17117},
      archivePrefix={arXiv},
      primaryClass={cs.CV}
}

@misc{xu2023magicanimate,
      title={MagicAnimate: Temporally Consistent Human Image Animation using Diffusion Model}, 
      author={Zhongcong Xu and Jianfeng Zhang and Jun Hao Liew and Hanshu Yan and Jia-Wei Liu and Chenxu Zhang and Jiashi Feng and Mike Zheng Shou},
      year={2023},
      eprint={2311.16498},
      archivePrefix={arXiv},
      primaryClass={cs.CV}
}
@misc{g√ºler2018densepose,
      title={DensePose: Dense Human Pose Estimation In The Wild}, 
      author={Rƒ±za Alp G√ºler and Natalia Neverova and Iasonas Kokkinos},
      year={2018},
      eprint={1802.00434},
      archivePrefix={arXiv},
      primaryClass={cs.CV}
}
@inproceedings{g√ºler2018densepose,
      title={Densepose: Dense human pose estimation in the wild},
      author={G{\"u}ler, R{\i}za Alp and Neverova, Natalia and Kokkinos, Iasonas},
      booktitle={Proceedings of the IEEE/CVF Conference on Computer Vision and Pattern Recognition (CVPR)},
      pages={7297--7306},
      year={2018}
}
@misc{cao2019openpose,
      title={OpenPose: Realtime Multi-Person 2D Pose Estimation using Part Affinity Fields}, 
      author={Zhe Cao and Gines Hidalgo and Tomas Simon and Shih-En Wei and Yaser Sheikh},
      year={2019},
      eprint={1812.08008},
      archivePrefix={arXiv},
      primaryClass={cs.CV}
}

@inproceedings{yang2023effective,
      title={Effective whole-body pose estimation with two-stages distillation},
      author={Yang, Zhendong and Zeng, Ailing and Yuan, Chun and Li, Yu},
      booktitle={Proceedings of the IEEE/CVF International Conference on Computer Vision (ICCV)},
      pages={4210--4220},
      year={2023}
}

@misc{feng2023dreamoving,
      title={DreaMoving: A Human Video Generation Framework based on Diffusion Models}, 
      author={Mengyang Feng and Jinlin Liu and Kai Yu and Yuan Yao and Zheng Hui and Xiefan Guo and Xianhui Lin and Haolan Xue and Chen Shi and Xiaowen Li and Aojie Li and Xiaoyang Kang and Biwen Lei and Miaomiao Cui and Peiran Ren and Xuansong Xie},
      year={2023},
      eprint={2312.05107},
      archivePrefix={arXiv},
      primaryClass={cs.CV}
}

@inproceedings{inproceedings,
    author = {Loper, Matthew and Mahmood, Naureen and Romero, Javier and Pons-Moll, Gerard and Black, Michael},
    year = {2015},
    month = {11},
    pages = {},
    title = {SMPL: a skinned multi-person linear model},
    volume = {34},
    journal = {ACM Transactions on Graphics (TOG)},
    doi = {10.1145/2816795.2818013}
}

@inproceedings{alldieck2018video,
      title={Video based reconstruction of 3d people models},
      author={Alldieck, Thiemo and Magnor, Marcus and Xu, Weipeng and Theobalt, Christian and Pons-Moll, Gerard},
      booktitle={Proceedings of the IEEE/CVF Conference on Computer Vision and Pattern Recognition (CVPR)},
      pages={8387--8397},
      year={2018}
}

@inproceedings{he2022arch,
      title={Arch++: Animation-ready clothed human reconstruction revisited},
      author={He, Tong and Xu, Yuanlu and Saito, Shunsuke and Soatto, Stefano and Tung, Tony},
      booktitle={Proceedings of the IEEE/CVF International Conference on Computer Vision (ICCV)},
      pages={11046--11056},
      year={2021}
}

@inproceedings{hassan2021populating,
      title={Populating 3D scenes by learning human-scene interaction},
      author={Hassan, Mohamed and Ghosh, Partha and Tesch, Joachim and Tzionas, Dimitrios and Black, Michael J},
      booktitle={Proceedings of the IEEE/CVF Conference on Computer Vision and Pattern Recognition (CVPR)},
      pages={14708--14718},
      year={2021}
}

@inproceedings{ma2020learning,
      title={Learning to dress 3d people in generative clothing},
      author={Ma, Qianli and Yang, Jinlong and Ranjan, Anurag and Pujades, Sergi and Pons-Moll, Gerard and Tang, Siyu and Black, Michael J},
      booktitle={Proceedings of the IEEE/CVF Conference on Computer Vision and Pattern Recognition (CVPR)},
      pages={6469--6478},
      year={2020}
}

@misc{lu2024dposer,
      title={DPoser: Diffusion Model as Robust 3D Human Pose Prior}, 
      author={Junzhe Lu and Jing Lin and Hongkun Dou and Ailing Zeng and Yue Deng and Yulun Zhang and Haoqian Wang},
      year={2024},
      eprint={2312.05541},
      archivePrefix={arXiv},
      primaryClass={cs.CV}
}
@misc{mu2023actorsnerf,
      title={ActorsNeRF: Animatable Few-shot Human Rendering with Generalizable NeRFs}, 
      author={Jiteng Mu and Shen Sang and Nuno Vasconcelos and Xiaolong Wang},
      year={2023},
      eprint={2304.14401},
      archivePrefix={arXiv},
      primaryClass={cs.CV}
}

@inproceedings{mu2023actorsnerf,
      title={Actorsnerf: Animatable few-shot human rendering with generalizable nerfs},
      author={Mu, Jiteng and Sang, Shen and Vasconcelos, Nuno and Wang, Xiaolong},
      booktitle={Proceedings of the IEEE/CVF International Conference on Computer Vision (ICCV)},
      pages={18391--18401},
      year={2023}
}

@misc{champ2024,
      title={Champ: Controllable and Consistent Human Image Animation with 3D Parametric Guidance}, 
      author={Shenhao Zhu and Junming Leo Chen and Zuozhuo Dai and Yinghui Xu and Xun Cao and Yao Yao and Hao Zhu and Siyu Zhu},
      year={2024},
      eprint={2403.14781},
      archivePrefix={arXiv},
      primaryClass={cs.CV}
}

@article{kawar2022denoising,
      title={Denoising diffusion restoration models},
      author={Kawar, Bahjat and Elad, Michael and Ermon, Stefano and Song, Jiaming},
      journal={Advances in Neural Information Processing Systems (NeurIPS)},
      volume={35},
      pages={23593--23606},
      year={2022}
}


@misc{saharia2022palette,
      title={Palette: Image-to-Image Diffusion Models}, 
      author={Chitwan Saharia and William Chan and Huiwen Chang and Chris A. Lee and Jonathan Ho and Tim Salimans and David J. Fleet and Mohammad Norouzi},
      year={2022},
      eprint={2111.05826},
      archivePrefix={arXiv},
      primaryClass={cs.CV}
}

@inproceedings{saharia2022palette,
      title={Palette: Image-to-image diffusion models},
      author={Saharia, Chitwan and Chan, William and Chang, Huiwen and Lee, Chris and Ho, Jonathan and Salimans, Tim and Fleet, David and Norouzi, Mohammad},
      booktitle={ACM SIGGRAPH 2022 conference proceedings (SIGGRAPH)},
      pages={1--10},
      year={2022}
}

@misc{chen2022reimagen,
      title={Re-Imagen: Retrieval-Augmented Text-to-Image Generator}, 
      author={Wenhu Chen and Hexiang Hu and Chitwan Saharia and William W. Cohen},
      year={2022},
      eprint={2209.14491},
      archivePrefix={arXiv},
      primaryClass={cs.CV}
}
@inproceedings{chen2022reimagen,
      title={Re-Imagen: Retrieval-Augmented Text-to-Image Generator},
      author={Chen, Wenhu and Hu, Hexiang and Saharia, Chitwan and Cohen, William W},
      booktitle={International Conference on Learning Representations (ICLR)},
      year={2022}
}

@inproceedings{gao2023source,
      title={Back to the Source: Diffusion-Driven Test-Time Adaptation},
      author={Gao, Jin and Zhang, Jialing and Liu, Xihui and Darrell, Trevor and Shelhamer, Evan and Wang, Dequan},
      booktitle={2023 IEEE/CVF Conference on Computer Vision and Pattern Recognition (CVPR)},
      year={2023}
}

@misc{theis2022lossy,
      title={Lossy Compression with Gaussian Diffusion}, 
      author={Lucas Theis and Tim Salimans and Matthew D. Hoffman and Fabian Mentzer},
      year={2022},
      eprint={2206.08889},
      archivePrefix={arXiv},
      primaryClass={stat.ML}
}

@misc{zimmermann2021scorebased,
      title={Score-Based Generative Classifiers}, 
      author={Roland S. Zimmermann and Lukas Schott and Yang Song and Benjamin A. Dunn and David A. Klindt},
      year={2021},
      eprint={2110.00473},
      archivePrefix={arXiv},
      primaryClass={stat.ML}
}

@misc{sasaki2021unitddpm,
      title={UNIT-DDPM: UNpaired Image Translation with Denoising Diffusion Probabilistic Models}, 
      author={Hiroshi Sasaki and Chris G. Willcocks and Toby P. Breckon},
      year={2021},
      eprint={2104.05358},
      archivePrefix={arXiv},
      primaryClass={cs.CV}
}

@misc{dhariwal2021diffusion,
      title={Diffusion Models Beat GANs on Image Synthesis}, 
      author={Prafulla Dhariwal and Alex Nichol},
      year={2021},
      eprint={2105.05233},
      archivePrefix={arXiv},
      primaryClass={cs.LG}
}

@article{dhariwal2021diffusion,
      title={Diffusion models beat gans on image synthesis},
      author={Dhariwal, Prafulla and Nichol, Alexander},
      journal={Advances in Neural Information Processing Systems (NeurIPS)},
      volume={34},
      pages={8780--8794},
      year={2021}
}


@misc{sohldickstein2015deep,
      title={Deep Unsupervised Learning using Nonequilibrium Thermodynamics}, 
      author={Jascha Sohl-Dickstein and Eric A. Weiss and Niru Maheswaranathan and Surya Ganguli},
      year={2015},
      eprint={1503.03585},
      archivePrefix={arXiv},
      primaryClass={cs.LG}
}

@inproceedings{sohldickstein2015deep,
      title={Deep unsupervised learning using nonequilibrium thermodynamics},
      author={Sohl-Dickstein, Jascha and Weiss, Eric and Maheswaranathan, Niru and Ganguli, Surya},
      booktitle={International conference on machine learning (ICML)},
      pages={2256--2265},
      year={2015},
      organization={PMLR}
}

@article{song2020generative,
      title={Generative modeling by estimating gradients of the data distribution},
      author={Song, Yang and Ermon, Stefano},
      journal={Advances in neural information processing systems (NeurIPS)},
      volume={32},
      year={2019}
}

@article{lu2022dpmsolver,
      title={Dpm-solver: A fast ode solver for diffusion probabilistic model sampling in around 10 steps},
      author={Lu, Cheng and Zhou, Yuhao and Bao, Fan and Chen, Jianfei and Li, Chongxuan and Zhu, Jun},
      journal={Advances in Neural Information Processing Systems},
      volume={35},
      pages={5775--5787},
      year={2022}
}

@inproceedings{song2022denoising,
      title={Denoising Diffusion Implicit Models},
      author={Song, Jiaming and Meng, Chenlin and Ermon, Stefano},
      booktitle={International Conference on Learning Representations},
      year={2020}
}

@inproceedings{dosovitskiy2021image,
      title={An Image is Worth 16x16 Words: Transformers for Image Recognition at Scale},
      author={Dosovitskiy, Alexey and Beyer, Lucas and Kolesnikov, Alexander and Weissenborn, Dirk and Zhai, Xiaohua and Unterthiner, Thomas and Dehghani, Mostafa and Minderer, Matthias and Heigold, Georg and Gelly, Sylvain and others},
      booktitle={International Conference on Learning Representations},
      year={2020}
}

@article{Loper2023SMPLAS,
      title={SMPL: A Skinned Multi-Person Linear Model},
      author={Matthew Loper and Naureen Mahmood and Javier Romero and Gerard Pons-Moll and Michael J. Black},
      journal={Seminal Graphics Papers: Pushing the Boundaries},
      volume={2},
      year={2023},
      url={https://api.semanticscholar.org/CorpusID:5328073}
}

@article{10.1145/2816795.2818013,
    author = {Loper, Matthew and Mahmood, Naureen and Romero, Javier and Pons-Moll, Gerard and Black, Michael J.},
    title = {SMPL: a skinned multi-person linear model},
    year = {2015},
    issue_date = {November 2015},
    publisher = {Association for Computing Machinery},
    address = {New York, NY, USA},
    volume = {34},
    number = {6},
    issn = {0730-0301},
    url = {https://doi.org/10.1145/2816795.2818013},
    doi = {10.1145/2816795.2818013},
    journal = {ACM Trans. Graph.},
    month = {oct},
    articleno = {248},
    numpages = {16},
    keywords = {soft-tissue, skinning, body shape, blendshapes}
}

@inproceedings{rombach2021highresolution,
      title={High-resolution image synthesis with latent diffusion models},
      author={Rombach, Robin and Blattmann, Andreas and Lorenz, Dominik and Esser, Patrick and Ommer, Bj{\"o}rn},
      booktitle={Proceedings of the IEEE/CVF Conference on Computer Vision and Pattern Recognition (CVPR)},
      pages={10684--10695},
      year={2022}
}

@book{ECCV2022,
    editor = {Shai Avidan and Gabriel Brostow and Moustapha Ciss√© and Giovanni Maria Farinella and Tal Hassner},
    title = {Computer Vision -- ECCV 2022},
    year = {2022},
    publisher = {Springer},
    doi = {10.1007/978-3-031-19769-7}
}

@article{balaji2022ediffi,
  title={ediffi: Text-to-image diffusion models with an ensemble of expert denoisers},
  author={Balaji, Yogesh and Nah, Seungjun and Huang, Xun and Vahdat, Arash and Song, Jiaming and Kreis, Karsten and Aittala, Miika and Aila, Timo and Laine, Samuli and Catanzaro, Bryan and others},
  journal={arXiv preprint arXiv:2211.01324},
  year={2022}
}
@article{huang2023composer,
  title={Composer: Creative and controllable image synthesis with composable conditions},
  author={Huang, Lianghua and Chen, Di and Liu, Yu and Shen, Yujun and Zhao, Deli and Zhou, Jingren},
  journal={arXiv preprint arXiv:2302.09778},
  year={2023}
}
@article{nichol2021glide,
  title={Glide: Towards photorealistic image generation and editing with text-guided diffusion models},
  author={Nichol, Alex and Dhariwal, Prafulla and Ramesh, Aditya and Shyam, Pranav and Mishkin, Pamela and McGrew, Bob and Sutskever, Ilya and Chen, Mark},
  journal={arXiv preprint arXiv:2112.10741},
  year={2021}
}
@article{ramesh2022hierarchical,
  title={Hierarchical text-conditional image generation with clip latents},
  author={Ramesh, Aditya and Dhariwal, Prafulla and Nichol, Alex and Chu, Casey and Chen, Mark},
  journal={arXiv preprint arXiv:2204.06125},
  year={2022}
}
@inproceedings{rombach2022high,
  title={High-resolution image synthesis with latent diffusion models},
  author={Rombach, Robin and Blattmann, Andreas and Lorenz, Dominik and Esser, Patrick and Ommer, Bj{\"o}rn},
  booktitle={Proceedings of the IEEE/CVF Conference on Computer Vision and Pattern Recognition (CVPR)},
  year={2022}
}
@article{saharia2022photorealistic,
  title={Photorealistic text-to-image diffusion models with deep language understanding},
  author={Saharia, Chitwan and Chan, William and Saxena, Saurabh and Li, Lala and Whang, Jay and Denton, Emily L and Ghasemipour, Kamyar and Gontijo Lopes, Raphael and Karagol Ayan, Burcu and Salimans, Tim and others},
  journal={Advances in Neural Information Processing Systems (NeurIPS)},
  year={2022}
}
@inproceedings{zhang2023adding,
  title={Adding conditional control to text-to-image diffusion models},
  author={Zhang, Lvmin and Rao, Anyi and Agrawala, Maneesh},
  booktitle={Proceedings of the IEEE/CVF International Conference on Computer Vision (ICCV)},
  year={2023}
}
@article{mou2023t2i,
  title={T2i-adapter: Learning adapters to dig out more controllable ability for text-to-image diffusion models},
  author={Mou, Chong and Wang, Xintao and Xie, Liangbin and Wu, Yanze and Zhang, Jian and Qi, Zhongang and Shan, Ying and Qie, Xiaohu},
  journal={arXiv preprint arXiv:2302.08453},
  year={2023}
}
@article{ye2023ip,
  title={Ip-adapter: Text compatible image prompt adapter for text-to-image diffusion models},
  author={Ye, Hu and Zhang, Jun and Liu, Sibo and Han, Xiao and Yang, Wei},
  journal={arXiv preprint arXiv:2308.06721},
  year={2023}
}

@article{wang2023disco,
  title={Disco: Disentangled control for referring human dance generation in real world},
  author={Wang, Tan and Li, Linjie and Lin, Kevin and Zhai, Yuanhao and Lin, Chung-Ching and Yang, Zhengyuan and Zhang, Hanwang and Liu, Zicheng and Wang, Lijuan},
  journal={arXiv preprint arXiv:2307.00040},
  year={2023}
}

@inproceedings{chan2019everybody,
  title={Everybody dance now},
  author={Chan, Caroline and Ginosar, Shiry and Zhou, Tinghui and Efros, Alexei A},
  booktitle={Proceedings of the IEEE/CVF International Conference on Computer Vision (ICCV)},
  year={2019}
}
@article{ren2020deep,
  title={Deep spatial transformation for pose-guided person image generation and animation},
  author={Ren, Yurui and Li, Ge and Liu, Shan and Li, Thomas H},
  journal={IEEE Transactions on Image Processing},
  volume={29},
  pages={8622--8635},
  year={2020},
  publisher={IEEE}
}
@article{siarohin2019first,
  title={First order motion model for image animation},
  author={Siarohin, Aliaksandr and Lathuili{\`e}re, St{\'e}phane and Tulyakov, Sergey and Ricci, Elisa and Sebe, Nicu},
  journal={Advances in Neural Information Processing Systems (NeurIPS)},
  volume={32},
  year={2019}
}
@inproceedings{siarohin2021motion,
  title={Motion representations for articulated animation},
  author={Siarohin, Aliaksandr and Woodford, Oliver J and Ren, Jian and Chai, Menglei and Tulyakov, Sergey},
  booktitle={Proceedings of the IEEE/CVF Conference on Computer Vision and Pattern Recognition (CVPR)},
  year={2021}
}
@inproceedings{yu2023bidirectionally,
  title={Bidirectionally deformable motion modulation for video-based human pose transfer},
  author={Yu, Wing-Yin and Po, Lai-Man and Cheung, Ray CC and Zhao, Yuzhi and Xue, Yu and Li, Kun},
  booktitle={Proceedings of the IEEE/CVF International Conference on Computer Vision (ICCV)},
  year={2023}
}
@inproceedings{zhang2022exploring,
  title={Exploring dual-task correlation for pose guided person image generation},
  author={Zhang, Pengze and Yang, Lingxiao and Lai, Jian-Huang and Xie, Xiaohua},
  booktitle={Proceedings of the IEEE/CVF Conference on Computer Vision and Pattern Recognition (CVPR)},
  year={2022}
}
@inproceedings{zhao2022thin,
  title={Thin-plate spline motion model for image animation},
  author={Zhao, Jian and Zhang, Hui},
  booktitle={Proceedings of the IEEE/CVF Conference on Computer Vision and Pattern Recognition (CVPR)},
  year={2022}
}
@inproceedings{yoon2021pose,
  title={Pose-guided human animation from a single image in the wild},
  author={Yoon, Jae Shin and Liu, Lingjie and Golyanik, Vladislav and Sarkar, Kripasindhu and Park, Hyun Soo and Theobalt, Christian},
  booktitle={Proceedings of the IEEE/CVF Conference on Computer Vision and Pattern Recognition (CVPR)},
  year={2021}
}
@inproceedings{bhunia2023person,
  title={Person image synthesis via denoising diffusion model},
  author={Bhunia, Ankan Kumar and Khan, Salman and Cholakkal, Hisham and Anwer, Rao Muhammad and Laaksonen, Jorma and Shah, Mubarak and Khan, Fahad Shahbaz},
  booktitle={Proceedings of the IEEE/CVF Conference on Computer Vision and Pattern Recognition (CVPR)},
  year={2023}
}
@inproceedings{karras2023dreampose,
  title={Dreampose: Fashion video synthesis with stable diffusion},
  author={Karras, Johanna and Holynski, Aleksander and Wang, Ting-Chun and Kemelmacher-Shlizerman, Ira},
  booktitle={Proceedings of the IEEE/CVF International Conference on Computer Vision (ICCV)},
  year={2023}
}



@article{xu2023magicanimate,
  title={Magicanimate: Temporally consistent human image animation using diffusion model},
  author={Xu, Zhongcong and Zhang, Jianfeng and Liew, Jun Hao and Yan, Hanshu and Liu, Jia-Wei and Zhang, Chenxu and Feng, Jiashi and Shou, Mike Zheng},
  journal={arXiv preprint arXiv:2311.16498},
  year={2023}
}
@inproceedings{guler2018dense,
  title={Dense human pose estimation in the wild},
  author={Guler, RA and Neverova, Natalia and DensePose, IK},
  booktitle={Proceedings of the IEEE/CVF Conference on Computer Vision and Pattern Recognition (CVPR)},
  year={2018}
}
@inproceedings{cao2017realtime,
  title={Realtime multi-person 2d pose estimation using part affinity fields},
  author={Cao, Zhe and Simon, Tomas and Wei, Shih-En and Sheikh, Yaser},
  booktitle={Proceedings of the IEEE/CVF Conference on Computer Vision and Pattern Recognition (CVPR)},
  year={2017}
}

@article{SMPL:2015,
      author = {Loper, Matthew and Mahmood, Naureen and Romero, Javier and Pons-Moll, Gerard and Black, Michael J.},
      title = {{SMPL}: A Skinned Multi-Person Linear Model},
      journal = {ACM Trans. Graphics (Proc. SIGGRAPH Asia)},
      month = oct,
      number = {6},
      pages = {248:1--248:16},
      publisher = {ACM},
      volume = {34},
      year = {2015}
    }

@inproceedings{hassan2021populating,
  title={Populating 3D scenes by learning human-scene interaction},
  author={Hassan, Mohamed and Ghosh, Partha and Tesch, Joachim and Tzionas, Dimitrios and Black, Michael J},
  booktitle={Proceedings of the IEEE/CVF Conference on Computer Vision and Pattern Recognition (CVPR)},
  year={2021}
}
@inproceedings{ma2020learning,
  title={Learning to dress 3d people in generative clothing},
  author={Ma, Qianli and Yang, Jinlong and Ranjan, Anurag and Pujades, Sergi and Pons-Moll, Gerard and Tang, Siyu and Black, Michael J},
  booktitle={Proceedings of the IEEE/CVF Conference on Computer Vision and Pattern Recognition (CVPR)},
  year={2020}
}
@inproceedings{he2021arch,
  title={Arch++: Animation-ready clothed human reconstruction revisited},
  author={He, Tong and Xu, Yuanlu and Saito, Shunsuke and Soatto, Stefano and Tung, Tony},
  booktitle={Proceedings of the IEEE/CVF International Conference on Computer Vision (ICCV)},
  year={2021}
}
@inproceedings{alldieck2018video,
  title={Video based reconstruction of 3d people models},
  author={Alldieck, Thiemo and Magnor, Marcus and Xu, Weipeng and Theobalt, Christian and Pons-Moll, Gerard},
  booktitle={Proceedings of the IEEE/CVF Conference on Computer Vision and Pattern Recognition (CVPR)},
  year={2018}
}
@article{lu2023dposer,
  title={DPoser: Diffusion Model as Robust 3D Human Pose Prior},
  author={Lu, Junzhe and Lin, Jing and Dou, Hongkun and Zhang, Yulun and Deng, Yue and Wang, Haoqian},
  journal={arXiv preprint arXiv:2312.05541},
  year={2023}
}
@article{mu2023actorsnerf,
  title={ActorsNeRF: Animatable Few-shot Human Rendering with Generalizable NeRFs},
  author={Mu, Jiteng and Sang, Shen and Vasconcelos, Nuno and Wang, Xiaolong},
  journal={arXiv preprint arXiv:2304.14401},
  year={2023}
}
@inproceedings{yang2023effective,
  title={Effective whole-body pose estimation with two-stages distillation},
  author={Yang, Zhendong and Zeng, Ailing and Yuan, Chun and Li, Yu},
  booktitle={Proceedings of the IEEE/CVF International Conference on Computer Vision (ICCV)},
  year={2023}
}
@article{feng2023dreamoving,
  title={DreaMoving: A Human Dance Video Generation Framework based on Diffusion Models},
  author={Feng, Mengyang and Liu, Jinlin and Yu, Kai and Yao, Yuan and Hui, Zheng and Guo, Xiefan and Lin, Xianhui and Xue, Haolan and Shi, Chen and Li, Xiaowen and others},
  journal={arXiv preprint arXiv:2312.05107},
  year={2023}
}

@article{Guler2018DensePose,
  title={DensePose: Dense Human Pose Estimation In The Wild},
  author={Riza Alp Guler, Natalia Neverova, Iasonas Kokkinos},
  journal={Proceedings of the IEEE/CVF Conference on Computer Vision and Pattern Recognition (CVPR)},
  year={2018}
}
@article{wang2004image,
  title={Image quality assessment: from error visibility to structural similarity},
  author={Wang, Zhou and Bovik, Alan C and Sheikh, Hamid R and Simoncelli, Eero P},
  journal={IEEE Transactions on Image Processing},
  volume={13},
  number={4},
  pages={600--612},
  year={2004},
  publisher={IEEE}
}
@inproceedings{zhang2018unreasonable,
  title={The unreasonable effectiveness of deep features as a perceptual metric},
  author={Zhang, Richard and Isola, Phillip and Efros, Alexei A and Shechtman, Eli and Wang, Oliver},
  booktitle={Proceedings of the IEEE/CVF Conference on Computer Vision and Pattern Recognition (CVPR)},
  year={2018}
}


@inproceedings{sohl2015deep,
  title={Deep unsupervised learning using nonequilibrium thermodynamics},
  author={Sohl-Dickstein, Jascha and Weiss, Eric and Maheswaranathan, Niru and Ganguli, Surya},
  booktitle={International Conference on Machine Learning (ICML)},
  year={2015},
  organization={PMLR}
}



@inproceedings{song2020score,
  title={Score-Based Generative Modeling through Stochastic Differential Equations},
  author={Song, Yang and Sohl-Dickstein, Jascha and Kingma, Diederik P and Kumar, Abhishek and Ermon, Stefano and Poole, Ben},
  booktitle={International Conference on Learning Representations (ICLR)},
  year={2020}
}


@inproceedings{song2020denoising,
  title={Denoising Diffusion Implicit Models},
  author={Song, Jiaming and Meng, Chenlin and Ermon, Stefano},
  booktitle={International Conference on Learning Representations (ICLR)},
  year={2020}
}

@article{lu2022dpm,
  title={Dpm-solver: A fast ode solver for diffusion probabilistic model sampling in around 10 steps},
  author={Lu, Cheng and Zhou, Yuhao and Bao, Fan and Chen, Jianfei and Li, Chongxuan and Zhu, Jun},
  journal={Advances in Neural Information Processing Systems (NeurIPS)},
  year={2022}
}

@inproceedings{hertz2022prompt,
  title={Prompt-to-Prompt Image Editing with Cross-Attention Control},
  author={Hertz, Amir and Mokady, Ron and Tenenbaum, Jay and Aberman, Kfir and Pritch, Yael and Cohen-or, Daniel},
  booktitle={International Conference on Learning Representations (ICLR)},
  year={2022}
}


@article{zhang2023pia,
  title={Pia: Your personalized image animator via plug-and-play modules in text-to-image models},
  author={Zhang, Yiming and Xing, Zhening and Zeng, Yanhong and Fang, Youqing and Chen, Kai},
  journal={arXiv preprint arXiv:2312.13964},
  year={2023}
}


@article{he2022latent,
  title={Latent video diffusion models for high-fidelity video generation with arbitrary lengths},
  author={He, Yingqing and Yang, Tianyu and Zhang, Yong and Shan, Ying and Chen, Qifeng},
  journal={arXiv preprint arXiv:2211.13221},
  year={2022}
}


@article{wang2023modelscope,
  title={Modelscope text-to-video technical report},
  author={Wang, Jiuniu and Yuan, Hangjie and Chen, Dayou and Zhang, Yingya and Wang, Xiang and Zhang, Shiwei},
  journal={arXiv preprint arXiv:2308.06571},
  year={2023}
}

@inproceedings{esser2021taming,
  title={Taming transformers for high-resolution image synthesis},
  author={Esser, Patrick and Rombach, Robin and Ommer, Bjorn},
  booktitle={Proceedings of the IEEE/CVF Conference on Computer Vision and Pattern Recognition (CVPR)},
  year={2021}
}

@article{an2023latent,
  title={Latent-shift: Latent diffusion with temporal shift for efficient text-to-video generation},
  author={An, Jie and Zhang, Songyang and Yang, Harry and Gupta, Sonal and Huang, Jia-Bin and Luo, Jiebo and Yin, Xi},
  journal={arXiv preprint arXiv:2304.08477},
  year={2023}
}

@article{wang2023videofactory,
  title={VideoFactory: Swap Attention in Spatiotemporal Diffusions for Text-to-Video Generation},
  author={Wang, Wenjing and Yang, Huan and Tuo, Zixi and He, Huiguo and Zhu, Junchen and Fu, Jianlong and Liu, Jiaying},
  journal={arXiv preprint arXiv:2305.10874},
  year={2023}
}


@article{bar2024lumiere,
  title={Lumiere: A space-time diffusion model for video generation},
  author={Bar-Tal, Omer and Chefer, Hila and Tov, Omer and Herrmann, Charles and Paiss, Roni and Zada, Shiran and Ephrat, Ariel and Hur, Junhwa and Li, Yuanzhen and Michaeli, Tomer and others},
  journal={arXiv preprint arXiv:2401.12945},
  year={2024}
}

@article{Girdhar2023EmuVF,
  title={Emu video: Factorizing text-to-video generation by explicit image conditioning},
  author={Girdhar, Rohit and Singh, Mannat and Brown, Andrew and Duval, Quentin and Azadi, Samaneh and Rambhatla, Sai Saketh and Shah, Akbar and Yin, Xi and Parikh, Devi and Misra, Ishan},
  journal={arXiv preprint arXiv:2311.10709},
  year={2023}
}

@article{jiang2023videobooth,
  title={VideoBooth: Diffusion-based Video Generation with Image Prompts},
  author={Jiang, Yuming and Wu, Tianxing and Yang, Shuai and Si, Chenyang and Lin, Dahua and Qiao, Yu and Loy, Chen Change and Liu, Ziwei},
  journal={arXiv preprint arXiv:2312.00777},
  year={2023}
}

@article{guo2023sparsectrl,
  title={SparseCtrl: Adding Sparse Controls to Text-to-Video Diffusion Models},
  author={Guo, Yuwei and Yang, Ceyuan and Rao, Anyi and Agrawala, Maneesh and Lin, Dahua and Dai, Bo},
  journal={arXiv preprint arXiv:2311.16933},
  year={2023}
}


@article{2023i2vgenxl,
title={I2VGen-XL: High-Quality Image-to-Video Synthesis via Cascaded Diffusion Models},
 author={Zhang, Shiwei* and Wang, Jiayu* and Zhang, Yingya* and Zhao, Kang and Yuan, Hangjie and Qing, Zhiwu and Wang, Xiang and Zhao, Deli and Zhou, Jingren},
 booktitle={arXiv preprint arXiv:2311.04145},
 year={2023}
}

@article{xing2023dynamicrafter,
  title={Dynamicrafter: Animating open-domain images with video diffusion priors},
  author={Xing, Jinbo and Xia, Menghan and Zhang, Yong and Chen, Haoxin and Wang, Xintao and Wong, Tien-Tsin and Shan, Ying},
  journal={arXiv preprint arXiv:2310.12190},
  year={2023}
}

@article{zhang2024moonshot,
  title={MoonShot: Towards Controllable Video Generation and Editing with Multimodal Conditions},
  author={Zhang, David Junhao and Li, Dongxu and Le, Hung and Shou, Mike Zheng and Xiong, Caiming and Sahoo, Doyen},
  journal={arXiv preprint arXiv:2401.01827},
  year={2024}
}

@article{guo2023i2v,
  title={I2V-Adapter: A General Image-to-Video Adapter for Video Diffusion Models},
  author={Guo, Xun and Zheng, Mingwu and Hou, Liang and Gao, Yuan and Deng, Yufan and Ma, Chongyang and Hu, Weiming and Zha, Zhengjun and Huang, Haibin and Wan, Pengfei and others},
  journal={arXiv preprint arXiv:2312.16693},
  year={2023}
}

@article{yin2023dragnuwa,
  title={Dragnuwa: Fine-grained control in video generation by integrating text, image, and trajectory},
  author={Yin, Shengming and Wu, Chenfei and Liang, Jian and Shi, Jie and Li, Houqiang and Ming, Gong and Duan, Nan},
  journal={arXiv preprint arXiv:2308.08089},
  year={2023}
}

@article{ma2023trailblazer,
  title={TrailBlazer: Trajectory Control for Diffusion-Based Video Generation},
  author={Ma, Wan-Duo Kurt and Lewis, JP and Kleijn, W Bastiaan},
  journal={arXiv preprint arXiv:2401.00896},
  year={2023}
}

@article{ho2022imagenvideo,
  title={Imagen video: High definition video generation with diffusion models},
  author={Ho, Jonathan and Chan, William and Saharia, Chitwan and Whang, Jay and Gao, Ruiqi and Gritsenko, Alexey and Kingma, Diederik P and Poole, Ben and Norouzi, Mohammad and Fleet, David J and others},
  journal={arXiv preprint arXiv:2210.02303},
  year={2022}
}

@article{blattmann2023stable,
      title={Stable Video Diffusion: Scaling Latent Video Diffusion Models to Large Datasets}, 
      author={Andreas Blattmann and Tim Dockhorn and Sumith Kulal and Daniel Mendelevitch and Maciej Kilian and Dominik Lorenz and Yam Levi and Zion English and Vikram Voleti and Adam Letts and Varun Jampani and Robin Rombach},
      year={2023},
      journal={arXiv preprint arXiv:2311.15127}
}

@inproceedings{Bain21,
  title={Frozen in time: A joint video and image encoder for end-to-end retrieval},
  author={Bain, Max and Nagrani, Arsha and Varol, G{\"u}l and Zisserman, Andrew},
  booktitle={Proceedings of the IEEE/CVF International Conference on Computer Vision (ICCV)},
  year={2021}
}


@article{mirza2014conditional,
  title={Conditional generative adversarial nets},
  author={Mirza, Mehdi and Osindero, Simon},
  journal={arXiv preprint arXiv:1411.1784},
  year={2014}
}

@article{goodfellow2014generative,
  title={Generative adversarial nets},
  author={Goodfellow, Ian and Pouget-Abadie, Jean and Mirza, Mehdi and Xu, Bing and Warde-Farley, David and Ozair, Sherjil and Courville, Aaron and Bengio, Yoshua},
  journal={Advances in Neural Information Processing Systems (NeurIPS)},
  year={2014}
}


@inproceedings{5596999,
  title={Image quality metrics: PSNR vs. SSIM},
  author={Hore, Alain and Ziou, Djemel},
  booktitle={International Conference on Pattern Recognition},
  year={2010},
  organization={IEEE}
}

@inproceedings{ijcai2019p276,
  title     = {Conditional GAN with Discriminative Filter Generation for Text-to-Video Synthesis},
  author    = {Balaji, Yogesh and Min, Martin Renqiang and Bai, Bing and Chellappa, Rama and Graf, Hans Peter},
  booktitle = {Proceedings of theInternational Joint Conference on
               Artificial Intelligence},
  year      = {2019},
}




@article{tian2021good,
  title={A good image generator is what you need for high-resolution video synthesis},
  author={Tian, Yu and Ren, Jian and Chai, Menglei and Olszewski, Kyle and Peng, Xi and Metaxas, Dimitris N and Tulyakov, Sergey},
  journal={arXiv preprint arXiv:2104.15069},
  year={2021}
}

@inproceedings{wang2020g3an,
  title={G3AN: Disentangling appearance and motion for video generation},
  author={Wang, Yaohui and Bilinski, Piotr and Bremond, Francois and Dantcheva, Antitza},
  booktitle={Proceedings of the IEEE/CVF Conference on Computer Vision and Pattern Recognition (CVPR)},
  year={2020}
}


@article{zhang2023magicavatar,
  title={Magicavatar: Multimodal avatar generation and animation},
  author={Zhang, Jianfeng and Yan, Hanshu and Xu, Zhongcong and Feng, Jiashi and Liew, Jun Hao},
  journal={arXiv preprint arXiv:2308.14748},
  year={2023}
}

@inproceedings{tseng2022edge,
  title={Edge: Editable dance generation from music},
  author={Tseng, Jonathan and Castellon, Rodrigo and Liu, Karen},
  booktitle={Proceedings of the IEEE/CVF Conference on Computer Vision and Pattern Recognition (CVPR)},
  year={2023}
}

@article{goel2023humans,
  title={Humans in 4D: Reconstructing and Tracking Humans with Transformers},
  author={Goel, Shubham and Pavlakos, Georgios and Rajasegaran, Jathushan and Kanazawa, Angjoo and Malik, Jitendra},
  journal={arXiv preprint arXiv:2305.20091},
  year={2023}
}

@article{hu2023sherf,
  title={SHERF: Generalizable Human NeRF from a Single Image},
  author={Hu, Shoukang and Hong, Fangzhou and Pan, Liang and Mei, Haiyi and Yang, Lei and Liu, Ziwei},
  journal={arXiv preprint arXiv:2303.12791},
  year={2023}
}

@inproceedings{Peebles2022DiT,
      title={Scalable diffusion models with transformers},
      author={Peebles, William and Xie, Saining},
      booktitle={Proceedings of the IEEE/CVF International Conference on Computer Vision (ICCV)},
      pages={4195--4205},
      year={2023}
}

@inproceedings{prajwal2020lip,
  title={A lip sync expert is all you need for speech to lip generation in the wild},
  author={Prajwal, KR and Mukhopadhyay, Rudrabha and Namboodiri, Vinay P and Jawahar, CV},
  booktitle={Proceedings of the 28th ACM international conference on multimedia (ACM MM)},
  pages={484--492},
  year={2020}
}

@inproceedings{zhang2023sadtalker,
  title={Sadtalker: Learning realistic 3d motion coefficients for stylized audio-driven single image talking face animation},
  author={Zhang, Wenxuan and Cun, Xiaodong and Wang, Xuan and Zhang, Yong and Shen, Xi and Guo, Yu and Shan, Ying and Wang, Fei},
  booktitle={Proceedings of the IEEE/CVF Conference on Computer Vision and Pattern Recognition (CVPR)},
  pages={8652--8661},
  year={2023}
}



@inproceedings{stypulkowski2024diffused,
  title={Diffused heads: Diffusion models beat gans on talking-face generation},
  author={Stypu{\l}kowski, Micha{\l} and Vougioukas, Konstantinos and He, Sen and Zi{\k{e}}ba, Maciej and Petridis, Stavros and Pantic, Maja},
  booktitle={Proceedings of the IEEE/CVF Winter Conference on Applications of Computer Vision (WACV)},
  pages={5091--5100},
  year={2024}
}

@article{he2023gaia,
  title={GAIA: Zero-shot Talking Avatar Generation},
  author={He, Tianyu and Guo, Junliang and Yu, Runyi and Wang, Yuchi and Zhu, Jialiang and An, Kaikai and Li, Leyi and Tan, Xu and Wang, Chunyu and Hu, Han and others},
  journal={arXiv preprint arXiv:2311.15230},
  year={2023}
}


@article{corona2024vlogger,
      title={VLOGGER: Multimodal Diffusion for Embodied Avatar Synthesis},
      author={Corona, Enric and Zanfir, Andrei and Bazavan, Eduard Gabriel and Kolotouros, Nikos and Alldieck, Thiemo and Sminchisescu, Cristian},
      journal={arXiv preprint arXiv:2403.08764},
      year={2024}
}

@article{wei2024aniportrait,
  title={Aniportrait: Audio-driven synthesis of photorealistic portrait animation},
  author={Wei, Huawei and Yang, Zejun and Wang, Zhisheng},
  journal={arXiv preprint arXiv:2403.17694},
  year={2024}
}

@article{xu2024vasa,
  title={VASA-1: Lifelike Audio-Driven Talking Faces Generated in Real Time},
  author={Xu, Sicheng and Chen, Guojun and Guo, Yu-Xiao and Yang, Jiaolong and Li, Chong and Zang, Zhenyu and Zhang, Yizhong and Tong, Xin and Guo, Baining},
  journal={arXiv preprint arXiv:2404.10667},
  year={2024}
}

@article{tian2024emo,
  title={EMO: Emote Portrait Alive-Generating Expressive Portrait Videos with Audio2Video Diffusion Model under Weak Conditions},
  author={Tian, Linrui and Wang, Qi and Zhang, Bang and Bo, Liefeng},
  journal={arXiv preprint arXiv:2402.17485},
  year={2024}
}

@article{liu2024anitalker,
  title={AniTalker: Animate Vivid and Diverse Talking Faces through Identity-Decoupled Facial Motion Encoding},
  author={Liu, Tao and Chen, Feilong and Fan, Shuai and Du, Chenpeng and Chen, Qi and Chen, Xie and Yu, Kai},
  journal={arXiv preprint arXiv:2405.03121},
  year={2024}
}

@inproceedings{zakharov2020fast,
  title={Fast bi-layer neural synthesis of one-shot realistic head avatars},
  author={Zakharov, Egor and Ivakhnenko, Aleksei and Shysheya, Aliaksandra and Lempitsky, Victor},
  booktitle={Computer Vision--ECCV 2020: 16th European Conference, Glasgow, UK, August 23--28, 2020, Proceedings, Part XII 16},
  pages={524--540},
  year={2020},
  organization={Springer}
}

@inproceedings{ren2021pirenderer,
  title={Pirenderer: Controllable portrait image generation via semantic neural rendering},
  author={Ren, Yurui and Li, Ge and Chen, Yuanqi and Li, Thomas H and Liu, Shan},
  booktitle={Proceedings of the IEEE/CVF International Conference on Computer Vision (ICCV)},
  pages={13759--13768},
  year={2021}
}

@inproceedings{gao2023high,
  title={High-fidelity and freely controllable talking head video generation},
  author={Gao, Yue and Zhou, Yuan and Wang, Jinglu and Li, Xiao and Ming, Xiang and Lu, Yan},
  booktitle={Proceedings of the IEEE/CVF Conference on Computer Vision and Pattern Recognition (CVPR)},
  pages={5609--5619},
  year={2023}
}

@inproceedings{zhang2023metaportrait,
  title={Metaportrait: Identity-preserving talking head generation with fast personalized adaptation},
  author={Zhang, Bowen and Qi, Chenyang and Zhang, Pan and Zhang, Bo and Wu, HsiangTao and Chen, Dong and Chen, Qifeng and Wang, Yong and Wen, Fang},
  booktitle={Proceedings of the IEEE/CVF Conference on Computer Vision and Pattern Recognition (CVPR)},
  pages={22096--22105},
  year={2023}
}

@inproceedings{wang2021one,
  title={One-shot free-view neural talking-head synthesis for video conferencing},
  author={Wang, Ting-Chun and Mallya, Arun and Liu, Ming-Yu},
  booktitle={Proceedings of the IEEE/CVF Conference on Computer Vision and Pattern Recognition (CVPR)},
  pages={10039--10049},
  year={2021}
}

@inproceedings{drobyshev2022megaportraits,
      title={Megaportraits: One-shot megapixel neural head avatars},
      author={Drobyshev, Nikita and Chelishev, Jenya and Khakhulin, Taras and Ivakhnenko, Aleksei and Lempitsky, Victor and Zakharov, Egor},
      booktitle={Proceedings of the 30th ACM International Conference on Multimedia (ACM MM)},
      pages={2663--2671},
      year={2022}
}

@inproceedings{burkov2020neural,
  title={Neural head reenactment with latent pose descriptors},
  author={Burkov, Egor and Pasechnik, Igor and Grigorev, Artur and Lempitsky, Victor},
  booktitle={Proceedings of the IEEE/CVF Conference on Computer Vision and Pattern Recognition (CVPR)},
  pages={13786--13795},
  year={2020}
}

@inproceedings{zhou2021pose,
  title={Pose-controllable talking face generation by implicitly modularized audio-visual representation},
  author={Zhou, Hang and Sun, Yasheng and Wu, Wayne and Loy, Chen Change and Wang, Xiaogang and Liu, Ziwei},
  booktitle={Proceedings of the IEEE/CVF Conference on Computer Vision and Pattern Recognition (CVPR)},
  pages={4176--4186},
  year={2021}
}

@inproceedings{liang2022expressive,
  title={Expressive talking head generation with granular audio-visual control},
  author={Liang, Borong and Pan, Yan and Guo, Zhizhi and Zhou, Hang and Hong, Zhibin and Han, Xiaoguang and Han, Junyu and Liu, Jingtuo and Ding, Errui and Wang, Jingdong},
  booktitle={Proceedings of the IEEE/CVF Conference on Computer Vision and Pattern Recognition (CVPR)},
  pages={3387--3396},
  year={2022}
}

@inproceedings{yin2022styleheat,
  title={Styleheat: One-shot high-resolution editable talking face generation via pre-trained stylegan},
  author={Yin, Fei and Zhang, Yong and Cun, Xiaodong and Cao, Mingdeng and Fan, Yanbo and Wang, Xuan and Bai, Qingyan and Wu, Baoyuan and Wang, Jue and Yang, Yujiu},
  booktitle={European Conference on Computer Vision (ECCV)},
  pages={85--101},
  year={2022},
  organization={Springer}
}

@inproceedings{pang2023dpe,
  title={Dpe: Disentanglement of pose and expression for general video portrait editing},
  author={Pang, Youxin and Zhang, Yong and Quan, Weize and Fan, Yanbo and Cun, Xiaodong and Shan, Ying and Yan, Dong-ming},
  booktitle={Proceedings of the IEEE/CVF Conference on Computer Vision and Pattern Recognition (CVPR)},
  pages={427--436},
  year={2023}
}

@inproceedings{wang2023progressive,
  title={Progressive disentangled representation learning for fine-grained controllable talking head synthesis},
  author={Wang, Duomin and Deng, Yu and Yin, Zixin and Shum, Heung-Yeung and Wang, Baoyuan},
  booktitle={Proceedings of the IEEE/CVF Conference on Computer Vision and Pattern Recognition (CVPR)},
  pages={17979--17989},
  year={2023}
}

@article{van2017neural,
  title={Neural discrete representation learning},
  author={Van Den Oord, Aaron and Vinyals, Oriol and others},
  journal={Advances in Neural Information Processing Systems (NeurIPS)},
  volume={30},
  year={2017}
}

@article{schneider2019wav2vec,
  title={wav2vec: Unsupervised pre-training for speech recognition},
  author={Schneider, Steffen and Baevski, Alexei and Collobert, Ronan and Auli, Michael},
  journal={arXiv preprint arXiv:1904.05862},
  year={2019}
}

@article{zhu2024champ,
  title={Champ: Controllable and consistent human image animation with 3d parametric guidance},
  author={Zhu, Shenhao and Junming Leo Chen and Zuozhuo Dai and Yinghui Xu and Xun Cao and Yao Yao and Hao Zhu and and Siyu Zhu},
  journal={arXiv preprint arXiv:2403.14781},
  year={2024}
}

@article{dai2023animateanything,
  title={AnimateAnything: Fine-Grained Open Domain Image Animation with Motion Guidance},
  author={Dai, Zuozhuo and Zhenghao Zhang and Yao Yao and Bingxue Qiu and Siyu Zhu and Long Qin and Weizhi Wang},
  journal={arXiv preprint arXiv:2311.12886},
  year={2023}
}

@article{blanz2003face,
  title={Face recognition based on fitting a 3D morphable model},
  author={Blanz, Volker and Vetter, Thomas},
  journal={IEEE Transactions on pattern analysis and machine intelligence},
  volume={25},
  number={9},
  pages={1063--1074},
  year={2003},
  publisher={IEEE}
}

@inproceedings{hong2022headnerf,
  title={Headnerf: A real-time nerf-based parametric head model},
  author={Hong, Yang and Peng, Bo and Xiao, Haiyao and Liu, Ligang and Zhang, Juyong},
  booktitle={Proceedings of the IEEE/CVF Conference on Computer Vision and Pattern Recognition (CVPR)},
  pages={20374--20384},
  year={2022}
}

@article{li2017learning,
  title={Learning a model of facial shape and expression from 4D scans.},
  author={Li, Tianye and Bolkart, Timo and Black, Michael J and Li, Hao and Romero, Javier},
  journal={ACM Transactions Graphics.},
  volume={36},
  number={6},
  pages={194--1},
  year={2017}
}

@article{chen2024echomimic,
  title={Echomimic: Lifelike audio-driven portrait animations through editable landmark conditions},
  author={Chen, Zhiyuan and Cao, Jiajiong and Chen, Zhiquan and Li, Yuming and Ma, Chenguang},
  journal={arXiv preprint arXiv:2407.08136},
  year={2024}
}

@inproceedings{zhou2022codeformer,
    author = {Zhou, Shangchen and Chan, Kelvin C.K. and Li, Chongyi and Loy, Chen Change},
    title = {Towards Robust Blind Face Restoration with Codebook Lookup TransFormer},
    booktitle = {NeurIPS},
    year = {2022}
}


@article{wang2023gen,
  title={Gen-l-video: Multi-text to long video generation via temporal co-denoising},
  author={Wang, Fu-Yun and Chen, Wenshuo and Song, Guanglu and Ye, Han-Jia and Liu, Yu and Li, Hongsheng},
  journal={arXiv preprint arXiv:2305.18264},
  year={2023}
}

@inproceedings{chen2023seine,
  title={Seine: Short-to-long video diffusion model for generative transition and prediction},
  author={Chen, Xinyuan and Wang, Yaohui and Zhang, Lingjun and Zhuang, Shaobin and Ma, Xin and Yu, Jiashuo and Wang, Yali and Lin, Dahua and Qiao, Yu and Liu, Ziwei},
  booktitle={The Twelfth International Conference on Learning Representations},
  year={2023}
}

@article{zhou2024storydiffusion,
  title={StoryDiffusion: Consistent Self-Attention for Long-Range Image and Video Generation},
  author={Zhou, Yupeng and Zhou, Daquan and Cheng, Ming-Ming and Feng, Jiashi and Hou, Qibin},
  journal={arXiv preprint arXiv:2405.01434},
  year={2024}
}

@article{henschel2024streamingt2v,
  title={Streamingt2v: Consistent, dynamic, and extendable long video generation from text},
  author={Henschel, Roberto and Khachatryan, Levon and Hayrapetyan, Daniil and Poghosyan, Hayk and Tadevosyan, Vahram and Wang, Zhangyang and Navasardyan, Shant and Shi, Humphrey},
  journal={arXiv preprint arXiv:2403.14773},
  year={2024}
}

@article{zhao2024moviedreamer,
  title={MovieDreamer: Hierarchical Generation for Coherent Long Visual Sequence},
  author={Zhao, Canyu and Liu, Mingyu and Wang, Wen and Yuan, Jianlong and Chen, Hao and Zhang, Bo and Shen, Chunhua},
  journal={arXiv preprint arXiv:2407.16655},
  year={2024}
}

@article{tan2024video,
  title={Video-Infinity: Distributed Long Video Generation},
  author={Tan, Zhenxiong and Yang, Xingyi and Liu, Songhua and Wang, Xinchao},
  journal={arXiv preprint arXiv:2406.16260},
  year={2024}
}

@article{lu2024freelong,
  title={FreeLong: Training-Free Long Video Generation with SpectralBlend Temporal Attention},
  author={Lu, Yu and Liang, Yuanzhi and Zhu, Linchao and Yang, Yi},
  journal={arXiv preprint arXiv:2407.19918},
  year={2024}
}

@article{razavi2019generating,
  title={Generating diverse high-fidelity images with vq-vae-2},
  author={Razavi, Ali and Van den Oord, Aaron and Vinyals, Oriol},
  journal={Advances in neural information processing systems},
  volume={32},
  year={2019}
}

@inproceedings{lee2022autoregressive,
  title={Autoregressive image generation using residual quantization},
  author={Lee, Doyup and Kim, Chiheon and Kim, Saehoon and Cho, Minsu and Han, Wook-Shin},
  booktitle={Proceedings of the IEEE/CVF Conference on Computer Vision and Pattern Recognition},
  pages={11523--11532},
  year={2022}
}

@article{zhou2022towards,
  title={Towards robust blind face restoration with codebook lookup transformer},
  author={Zhou, Shangchen and Chan, Kelvin and Li, Chongyi and Loy, Chen Change},
  journal={Advances in Neural Information Processing Systems},
  volume={35},
  pages={30599--30611},
  year={2022}
}

@article{vaswani2017attention,
  title={Attention is all you need},
  author={Vaswani, A},
  journal={Advances in Neural Information Processing Systems},
  year={2017}
}

@article{wang2024v,
  title={V-Express: Conditional Dropout for Progressive Training of Portrait Video Generation},
  author={Wang, Cong and Tian, Kuan and Zhang, Jun and Guan, Yonghang and Luo, Feng and Shen, Fei and Jiang, Zhiwei and Gu, Qing and Han, Xiao and Yang, Wei},
  journal={arXiv preprint arXiv:2406.02511},
  year={2024}
}

@article{lin2024cyberhost,
  title={CyberHost: Taming Audio-driven Avatar Diffusion Model with Region Codebook Attention},
  author={Lin, Gaojie and Jiang, Jianwen and Liang, Chao and Zhong, Tianyun and Yang, Jiaqi and Zheng, Yanbo},
  journal={arXiv preprint arXiv:2409.01876},
  year={2024}
}

@article{jiang2024loopy,
  title={Loopy: Taming Audio-Driven Portrait Avatar with Long-Term Motion Dependency},
  author={Jiang, Jianwen and Liang, Chao and Yang, Jiaqi and Lin, Gaojie and Zhong, Tianyun and Zheng, Yanbo},
  journal={arXiv preprint arXiv:2409.02634},
  year={2024}
}


@article{zhang2024tora,
  title={Tora: Trajectory-oriented Diffusion Transformer for Video Generation},
  author={Zhang, Zhenghao and Liao, Junchao and Li, Menghao and Qin, Long and Wang, Weizhi},
  journal={arXiv preprint arXiv:2407.21705},
  year={2024}
}

@article{cui2024hallo2,
  title={Hallo2: Long-Duration and High-Resolution Audio-Driven Portrait Image Animation},
  author={Cui, Jiahao and Li, Hui and Yao, Yao and Zhu, Hao and Shang, Hanlin and Cheng, Kaihui and Zhou, Hang and Zhu, Siyu and Wang, Jingdong},
  journal={arXiv preprint arXiv:2410.07718},
  year={2024}
}

@article{guo2024liveportrait,
  title={Liveportrait: Efficient portrait animation with stitching and retargeting control},
  author={Guo, Jianzhu and Zhang, Dingyun and Liu, Xiaoqiang and Zhong, Zhizhou and Zhang, Yuan and Wan, Pengfei and Zhang, Di},
  journal={arXiv preprint arXiv:2407.03168},
  year={2024}
}

@article{polyak2024movie,
  title={Movie gen: A cast of media foundation models},
  author={Polyak, Adam and Zohar, Amit and Brown, Andrew and Tjandra, Andros and Sinha, Animesh and Lee, Ann and Vyas, Apoorv and Shi, Bowen and Ma, Chih-Yao and Chuang, Ching-Yao and others},
  journal={arXiv preprint arXiv:2410.13720},
  year={2024}
}

@article{bao2024vidu,
  title={Vidu: a highly consistent, dynamic and skilled text-to-video generator with diffusion models},
  author={Bao, Fan and Xiang, Chendong and Yue, Gang and He, Guande and Zhu, Hongzhou and Zheng, Kaiwen and Zhao, Min and Liu, Shilong and Wang, Yaole and Zhu, Jun},
  journal={arXiv preprint arXiv:2405.04233},
  year={2024}
}

@article{liu2024sora,
  title={Sora: A review on background, technology, limitations, and opportunities of large vision models},
  author={Liu, Yixin and Zhang, Kai and Li, Yuan and Yan, Zhiling and Gao, Chujie and Chen, Ruoxi and Yuan, Zhengqing and Huang, Yue and Sun, Hanchi and Gao, Jianfeng and others},
  journal={arXiv preprint arXiv:2402.17177},
  year={2024}
}

@inproceedings{zhang2021flow,
  title={Flow-Guided One-Shot Talking Face Generation With a High-Resolution Audio-Visual Dataset},
  author={Zhang, Zhimeng and Li, Lincheng and Ding, Yu and Fan, Changjie},
  booktitle={Proceedings of the IEEE/CVF Conference on Computer Vision and Pattern Recognition},
  pages={3661--3670},
  year={2021}
}

@inproceedings{ren2023pbidr,
  title={Facial Geometric Detail Recovery via Implicit Representation},
  author={Ren, Xingyu and Lattas, Alexandros and Gecer, Baris and Deng, Jiankang and Ma, Chao and Yang, Xiaokang},
  booktitle={2023 IEEE 17th International Conference on Automatic Face and Gesture Recognition (FG)},  
  year={2023}
 }

@article{guo2021sample,
  title={Sample and Computation Redistribution for Efficient Face Detection},
  author={Guo, Jia and Deng, Jiankang and Lattas, Alexandros and Zafeiriou, Stefanos},
  journal={arXiv preprint arXiv:2105.04714},
  year={2021}
}

@inproceedings{gecer2021ostec,
  title={OSTeC: One-Shot Texture Completion},
  author={Gecer, Baris and Deng, Jiankang and Zafeiriou, Stefanos},
  booktitle={Proceedings of the IEEE/CVF Conference on Computer Vision and Pattern Recognition (CVPR)},
  year={2021}
}

@inproceedings{an_2022_pfc_cvpr,
  title={Killing Two Birds with One Stone: Efficient and Robust Training of Face Recognition CNNs by Partial FC},
  author={An, Xiang and Deng, Jiangkang and Guo, Jia and Feng, Ziyong and Zhu, Xuhan and Jing, Yang and Tongliang, Liu},
  booktitle={CVPR},
  year={2022}
}
@inproceedings{an_2021_pfc_iccvw,
  title={Partial FC: Training 10 Million Identities on a Single Machine},
  author={An, Xiang and Zhu, Xuhan and Gao, Yuan and Xiao, Yang and Zhao, Yongle and Feng, Ziyong and Wu, Lan and Qin, Bin and Zhang, Ming and Zhang, Debing and Fu, Ying},
  booktitle={ICCVW},
  year={2021},
}


@inproceedings{deng2020subcenter,
  title={Sub-center ArcFace: Boosting Face Recognition by Large-scale Noisy Web Faces},
  author={Deng, Jiankang and Guo, Jia and Liu, Tongliang and Gong, Mingming and Zafeiriou, Stefanos},
  booktitle={Proceedings of the IEEE Conference on European Conference on Computer Vision},
  year={2020}
}

@inproceedings{Deng2020CVPR,
title = {RetinaFace: Single-Shot Multi-Level Face Localisation in the Wild},
author = {Deng, Jiankang and Guo, Jia and Ververas, Evangelos and Kotsia, Irene and Zafeiriou, Stefanos},
booktitle = {CVPR},
year = {2020}
}

@inproceedings{guo2018stacked,
  title={Stacked Dense U-Nets with Dual Transformers for Robust Face Alignment},
  author={Guo, Jia and Deng, Jiankang and Xue, Niannan and Zafeiriou, Stefanos},
  booktitle={BMVC},
  year={2018}
}

@article{deng2018menpo,
  title={The Menpo benchmark for multi-pose 2D and 3D facial landmark localisation and tracking},
  author={Deng, Jiankang and Roussos, Anastasios and Chrysos, Grigorios and Ververas, Evangelos and Kotsia, Irene and Shen, Jie and Zafeiriou, Stefanos},
  journal={IJCV},
  year={2018}
}

@inproceedings{deng2018arcface,
title={ArcFace: Additive Angular Margin Loss for Deep Face Recognition},
author={Deng, Jiankang and Guo, Jia and Niannan, Xue and Zafeiriou, Stefanos},
booktitle={CVPR},
year={2019}
}


@inproceedings{Plaquet23,
  author={Alexis Plaquet and Herv√© Bredin},
  title={{Powerset multi-class cross entropy loss for neural speaker diarization}},
  year=2023,
  booktitle={Proc. INTERSPEECH 2023},
}

@inproceedings{Bredin23,
  author={Herv√© Bredin},
  title={{pyannote.audio 2.1 speaker diarization pipeline: principle, benchmark, and recipe}},
  year=2023,
  booktitle={Proc. INTERSPEECH 2023},
}

@inproceedings{karaev23cotracker,
  title     = {CoTracker: It is Better to Track Together},
  author    = {Nikita Karaev and Ignacio Rocco and Benjamin Graham and Natalia Neverova and Andrea Vedaldi and Christian Rupprecht},
  booktitle = {Proc. {ECCV}},
  year      = {2024}
}
@inproceedings{karaev24cotracker3,
  title     = {CoTracker3: Simpler and Better Point Tracking by Pseudo-Labelling Real Videos},
  author    = {Nikita Karaev and Iurii Makarov and Jianyuan Wang and Natalia Neverova and Andrea Vedaldi and Christian Rupprecht},
  booktitle = {Proc. {arXiv:2410.11831}},
  year      = {2024}
}

@InProceedings{Chung16a,
  author       = "Chung, J.~S. and Zisserman, A.",
  title        = "Out of time: automated lip sync in the wild",
  booktitle    = "Workshop on Multi-view Lip-reading, ACCV",
  year         = "2016",
}

@article{baevski2020wav2vec,
  title={wav2vec 2.0: A framework for self-supervised learning of speech representations},
  author={Baevski, Alexei and Zhou, Yuhao and Mohamed, Abdelrahman and Auli, Michael},
  journal={Advances in neural information processing systems},
  volume={33},
  pages={12449--12460},
  year={2020}
}

@misc{Seitzer2020FID,
  author={Maximilian Seitzer},
  title={{pytorch-fid: FID Score for PyTorch}},
  month={August},
  year={2020},
  note={Version 0.3.0},
  howpublished={\url{https://github.com/mseitzer/pytorch-fid}},
}

@inproceedings{teed2020raft,
  title={Raft: Recurrent all-pairs field transforms for optical flow},
  author={Teed, Zachary and Deng, Jia},
  booktitle={Computer Vision--ECCV 2020: 16th European Conference, Glasgow, UK, August 23--28, 2020, Proceedings, Part II 16},
  pages={402--419},
  year={2020},
  organization={Springer}
}


@misc{raffel2023t5,
      title={Exploring the Limits of Transfer Learning with a Unified Text-to-Text Transformer}, 
      author={Colin Raffel and Noam Shazeer and Adam Roberts and Katherine Lee and Sharan Narang and Michael Matena and Yanqi Zhou and Wei Li and Peter J. Liu},
      year={2023},
      eprint={1910.10683},
      archivePrefix={arXiv},
      primaryClass={cs.LG},
      url={https://arxiv.org/abs/1910.10683}, 
}

 @InProceedings{huang2023vbench,
     title={{VBench}: Comprehensive Benchmark Suite for Video Generative Models},
     author={Huang, Ziqi and He, Yinan and Yu, Jiashuo and Zhang, Fan and Si, Chenyang and Jiang, Yuming and Zhang, Yuanhan and Wu, Tianxing and Jin, Qingyang and Chanpaisit, Nattapol and Wang, Yaohui and Chen, Xinyuan and Wang, Limin and Lin, Dahua and Qiao, Yu and Liu, Ziwei},
     booktitle={Proceedings of the IEEE/CVF Conference on Computer Vision and Pattern Recognition},
     year={2024}
 }

@article{yao2024minicpm,
  title={MiniCPM-V: A GPT-4V Level MLLM on Your Phone},
  author={Yao, Yuan and Yu, Tianyu and Zhang, Ao and Wang, Chongyi and Cui, Junbo and Zhu, Hongji and Cai, Tianchi and Li, Haoyu and Zhao, Weilin and He, Zhihui and others},
  journal={arXiv preprint arXiv:2408.01800},
  year={2024}
}

@article{salimans2022progressive,
  title={Progressive distillation for fast sampling of diffusion models},
  author={Salimans, Tim and Ho, Jonathan},
  journal={arXiv preprint arXiv:2202.00512},
  year={2022}
}


@misc{insightface2024,
  title = {InsightFace: An open-source 2D and 3D deep face analysis toolkit.},
  author = {DeepInsight},
  year = {2024},
  howpublished = {\url{https://github.com/deepinsight/insightface}},
}

@inproceedings{caron2021emerging,
  title={Emerging Properties in Self-Supervised Vision Transformers},
  author={Caron, Mathilde and Touvron, Hugo and Misra, Ishan and J\'egou, Herv\'e  and Mairal, Julien and Bojanowski, Piotr and Joulin, Armand},
  booktitle={Proceedings of the International Conference on Computer Vision (ICCV)},
  year={2021}
}
@inproceedings{zhu2022celebvhq,
  title={{CelebV-HQ}: A Large-Scale Video Facial Attributes Dataset},
  author={Zhu, Hao and Wu, Wayne and Zhu, Wentao and Jiang, Liming and Tang, Siwei and Zhang, Li and Liu, Ziwei and Loy, Chen Change},
  booktitle={ECCV},
  year={2022}
}