@misc{kingma2017adam,
      title={Adam: A Method for Stochastic Optimization}, 
      author={Diederik P. Kingma and Jimmy Ba},
      year={2017},
      eprint={1412.6980},
      archivePrefix={arXiv},
      primaryClass={cs.LG}
}


@misc{schulman2018highdimensional,
      title={High-Dimensional Continuous Control Using Generalized Advantage Estimation}, 
      author={John Schulman and Philipp Moritz and Sergey Levine and Michael Jordan and Pieter Abbeel},
      year={2018},
      eprint={1506.02438},
      archivePrefix={arXiv},
      primaryClass={cs.LG}
}

@article{gpt3,
  author       = {Tom B. Brown and
                  Benjamin Mann and
                  Nick Ryder and
                  Melanie Subbiah and
                  Jared Kaplan and
                  Prafulla Dhariwal and
                  Arvind Neelakantan and
                  Pranav Shyam and
                  Girish Sastry and
                  Amanda Askell and
                  Sandhini Agarwal and
                  Ariel Herbert{-}Voss and
                  Gretchen Krueger and
                  Tom Henighan and
                  Rewon Child and
                  Aditya Ramesh and
                  Daniel M. Ziegler and
                  Jeffrey Wu and
                  Clemens Winter and
                  Christopher Hesse and
                  Mark Chen and
                  Eric Sigler and
                  Mateusz Litwin and
                  Scott Gray and
                  Benjamin Chess and
                  Jack Clark and
                  Christopher Berner and
                  Sam McCandlish and
                  Alec Radford and
                  Ilya Sutskever and
                  Dario Amodei},
  title        = {Language Models are Few-Shot Learners},
  journal      = {CoRR},
  volume       = {abs/2005.14165},
  year         = {2020},
  url          = {https://arxiv.org/abs/2005.14165},
  eprinttype    = {arXiv},
  eprint       = {2005.14165},
  timestamp    = {Thu, 25 May 2023 10:38:31 +0200},
  biburl       = {https://dblp.org/rec/journals/corr/abs-2005-14165.bib},
  bibsource    = {dblp computer science bibliography, https://dblp.org}
}


@misc{agarwalBagPipeAcceleratingDeep2023,
  title = {{{BagPipe}}: {{Accelerating Deep Recommendation Model Training}}},
  shorttitle = {{{BagPipe}}},
  author = {Agarwal, Saurabh and Yan, Chengpo and Zhang, Ziyi and Venkataraman, Shivaram},
  year = {2023},
  month = nov,
  number = {arXiv:2202.12429},
  eprint = {2202.12429},
  primaryclass = {cs},
  publisher = {arXiv},
  urldate = {2024-03-21},
  archiveprefix = {arxiv}
}

@article{jiang2023mistral,
  title   = {Mistral 7B},
  author  = {Albert Q. Jiang and Alexandre Sablayrolles and Arthur Mensch and Chris Bamford and Devendra Singh Chaplot and Diego de las Casas and Florian Bressand and Gianna Lengyel and Guillaume Lample and Lucile Saulnier and Lélio Renard Lavaud and Marie-Anne Lachaux and Pierre Stock and Teven Le Scao and Thibaut Lavril and Thomas Wang and Timothée Lacroix and William El Sayed},
  year    = {2023},
  journal = {arXiv preprint arXiv: 2310.06825}
}

@article{kaplan2020scaling,
  title={Scaling laws for neural language models},
  author={Kaplan, Jared and McCandlish, Sam and Henighan, Tom and Brown, Tom B and Chess, Benjamin and Child, Rewon and Gray, Scott and Radford, Alec and Wu, Jeffrey and Amodei, Dario},
  journal={arXiv preprint arXiv:2001.08361},
  year={2020}
}

@article{floridi2020gpt,
  title={GPT-3: Its nature, scope, limits, and consequences},
  author={Floridi, Luciano and Chiriatti, Massimo},
  journal={Minds and Machines},
  volume={30},
  pages={681--694},
  year={2020},
  publisher={Springer}
}

@article{holmes2024deepspeed,
  title={DeepSpeed-FastGen: High-throughput Text Generation for LLMs via MII and DeepSpeed-Inference},
  author={Holmes, Connor and Tanaka, Masahiro and Wyatt, Michael and Awan, Ammar Ahmad and Rasley, Jeff and Rajbhandari, Samyam and Aminabadi, Reza Yazdani and Qin, Heyang and Bakhtiari, Arash and Kurilenko, Lev and others},
  journal={arXiv preprint arXiv:2401.08671},
  year={2024}
}

@article{zhao2024llm,
  title={LLM-PQ: Serving LLM on Heterogeneous Clusters with Phase-Aware Partition and Adaptive Quantization},
  author={Zhao, Juntao and Wan, Borui and Peng, Yanghua and Lin, Haibin and Wu, Chuan},
  journal={arXiv preprint arXiv:2403.01136},
  year={2024}
}


@article{jiang2024megascale,
  title={MegaScale: Scaling Large Language Model Training to More Than 10,000 GPUs},
  author={Jiang, Ziheng and Lin, Haibin and Zhong, Yinmin and Huang, Qi and Chen, Yangrui and Zhang, Zhi and Peng, Yanghua and Li, Xiang and Xie, Cong and Nong, Shibiao and others},
  journal={arXiv preprint arXiv:2402.15627},
  year={2024}
}


@inproceedings{rajbhandari2020zero,
  title={Zero: Memory optimizations toward training trillion parameter models},
  author={Rajbhandari, Samyam and Rasley, Jeff and Ruwase, Olatunji and He, Yuxiong},
  booktitle={SC20: International Conference for High Performance Computing, Networking, Storage and Analysis},
  pages={1--16},
  year={2020},
  organization={IEEE}
}

@article{lin2023awq,
  title={Awq: Activation-aware weight quantization for llm compression and acceleration},
  author={Lin, Ji and Tang, Jiaming and Tang, Haotian and Yang, Shang and Dang, Xingyu and Han, Song},
  journal={arXiv preprint arXiv:2306.00978},
  year={2023}
}

@article{huang2019gpipe,
  title={Gpipe: Efficient training of giant neural networks using pipeline parallelism},
  author={Huang, Yanping and Cheng, Youlong and Bapna, Ankur and Firat, Orhan and Chen, Dehao and Chen, Mia and Lee, HyoukJoong and Ngiam, Jiquan and Le, Quoc V and Wu, Yonghui and others},
  journal={Advances in neural information processing systems},
  volume={32},
  year={2019}
}

@inproceedings{narayanan2019pipedream,
  title={PipeDream: generalized pipeline parallelism for DNN training},
  author={Narayanan, Deepak and Harlap, Aaron and Phanishayee, Amar and Seshadri, Vivek and Devanur, Nikhil R and Ganger, Gregory R and Gibbons, Phillip B and Zaharia, Matei},
  booktitle={Proceedings of the 27th ACM symposium on operating systems principles},
  pages={1--15},
  year={2019}
}

@misc{agrawalTamingThroughputLatencyTradeoff2024,
  title = {Taming {{Throughput-Latency Tradeoff}} in {{LLM Inference}} with {{Sarathi-Serve}}},
  author = {Agrawal, Amey and Kedia, Nitin and Panwar, Ashish and Mohan, Jayashree and Kwatra, Nipun and Gulavani, Bhargav S. and Tumanov, Alexey and Ramjee, Ramachandran},
  year = {2024},
  month = mar,
  number = {arXiv:2403.02310},
  eprint = {2403.02310},
  primaryclass = {cs},
  publisher = {arXiv},
  urldate = {2024-03-31},
  archiveprefix = {arxiv}
}

@misc{agrawalTamingThroughputLatencyTradeoff2024a,
  title = {Taming {{Throughput-Latency Tradeoff}} in {{LLM Inference}} with {{Sarathi-Serve}}},
  author = {Agrawal, Amey and Kedia, Nitin and Panwar, Ashish and Mohan, Jayashree and Kwatra, Nipun and Gulavani, Bhargav S. and Tumanov, Alexey and Ramjee, Ramachandran},
  year = {2024},
  month = mar,
  number = {arXiv:2403.02310},
  eprint = {2403.02310},
  primaryclass = {cs},
  publisher = {arXiv},
  urldate = {2024-04-02},
  archiveprefix = {arxiv}
}

@misc{baiConstitutionalAIHarmlessness2022,
  title = {Constitutional {{AI}}: {{Harmlessness}} from {{AI Feedback}}},
  shorttitle = {Constitutional {{AI}}},
  author = {Bai, Yuntao and Kadavath, Saurav and Kundu, Sandipan and Askell, Amanda and Kernion, Jackson and Jones, Andy and Chen, Anna and Goldie, Anna and Mirhoseini, Azalia and McKinnon, Cameron and Chen, Carol and Olsson, Catherine and Olah, Christopher and Hernandez, Danny and Drain, Dawn and Ganguli, Deep and Li, Dustin and {Tran-Johnson}, Eli and Perez, Ethan and Kerr, Jamie and Mueller, Jared and Ladish, Jeffrey and Landau, Joshua and Ndousse, Kamal and Lukosuite, Kamile and Lovitt, Liane and Sellitto, Michael and Elhage, Nelson and Schiefer, Nicholas and Mercado, Noemi and DasSarma, Nova and Lasenby, Robert and Larson, Robin and Ringer, Sam and Johnston, Scott and Kravec, Shauna and Showk, Sheer El and Fort, Stanislav and Lanham, Tamera and {Telleen-Lawton}, Timothy and Conerly, Tom and Henighan, Tom and Hume, Tristan and Bowman, Samuel R. and {Hatfield-Dodds}, Zac and Mann, Ben and Amodei, Dario and Joseph, Nicholas and McCandlish, Sam and Brown, Tom and Kaplan, Jared},
  year = {2022},
  month = dec,
  number = {arXiv:2212.08073},
  eprint = {2212.08073},
  primaryclass = {cs},
  publisher = {arXiv},
  urldate = {2024-03-22},
  archiveprefix = {arxiv}
}

@misc{baiTrainingHelpfulHarmless2022,
  title = {Training a {{Helpful}} and {{Harmless Assistant}} with {{Reinforcement Learning}} from {{Human Feedback}}},
  author = {Bai, Yuntao and Jones, Andy and Ndousse, Kamal and Askell, Amanda and Chen, Anna and DasSarma, Nova and Drain, Dawn and Fort, Stanislav and Ganguli, Deep and Henighan, Tom and Joseph, Nicholas and Kadavath, Saurav and Kernion, Jackson and Conerly, Tom and {El-Showk}, Sheer and Elhage, Nelson and {Hatfield-Dodds}, Zac and Hernandez, Danny and Hume, Tristan and Johnston, Scott and Kravec, Shauna and Lovitt, Liane and Nanda, Neel and Olsson, Catherine and Amodei, Dario and Brown, Tom and Clark, Jack and McCandlish, Sam and Olah, Chris and Mann, Ben and Kaplan, Jared},
  year = {2022},
  month = apr,
  number = {arXiv:2204.05862},
  eprint = {2204.05862},
  primaryclass = {cs},
  publisher = {arXiv},
  urldate = {2024-04-02},
  archiveprefix = {arxiv}
}

@misc{barhamPathwaysAsynchronousDistributed2022,
  title = {Pathways: {{Asynchronous Distributed Dataflow}} for {{ML}}},
  shorttitle = {Pathways},
  author = {Barham, Paul and Chowdhery, Aakanksha and Dean, Jeff and Ghemawat, Sanjay and Hand, Steven and Hurt, Dan and Isard, Michael and Lim, Hyeontaek and Pang, Ruoming and Roy, Sudip and Saeta, Brennan and Schuh, Parker and Sepassi, Ryan and Shafey, Laurent El and Thekkath, Chandramohan A. and Wu, Yonghui},
  year = {2022},
  month = mar,
  number = {arXiv:2203.12533},
  eprint = {2203.12533},
  primaryclass = {cs},
  publisher = {arXiv},
  urldate = {2024-03-28},
  archiveprefix = {arxiv}
}

@article{chanCollectiveCommunicationTheory2007,
  title = {Collective Communication: Theory, Practice, and Experience},
  shorttitle = {Collective Communication},
  author = {Chan, Ernie and Heimlich, Marcel and Purkayastha, Avi and Van De Geijn, Robert},
  year = {2007},
  month = sep,
  journal = {Concurrency and Computation: Practice and Experience},
  volume = {19},
  number = {13},
  pages = {1749--1783},
  issn = {1532-0626, 1532-0634},
  doi = {10.1002/cpe.1206},
  urldate = {2024-03-25},
  langid = {english}
}

@article{cuiOptimizingDynamicNeural,
  title = {Optimizing {{Dynamic Neural Networks}} with {{Brainstorm}}},
  author = {Cui, Weihao and Han, Zhenhua and Ouyang, Lingji and Wang, Yichuan and Zheng, Ningxin and Ma, Lingxiao and Yang, Yuqing and Yang, Fan and Xue, Jilong and Qiu, Lili and Zhou, Lidong and Chen, Quan and Tan, Haisheng and Guo, Minyi},
  langid = {english}
}

@inproceedings{daiSafeRLHFSafe2023,
  title={Safe RLHF: Safe Reinforcement Learning from Human Feedback},
  author={Josef Dai and Xuehai Pan and Ruiyang Sun and Jiaming Ji and Xinbo Xu and Mickel Liu and Yizhou Wang and Yaodong Yang},
  booktitle={The Twelfth International Conference on Learning Representations},
  year={2024},
  url={https://openreview.net/forum?id=TyFrPOKYXw}
}

@inproceedings{gongGSamplerGeneralEfficient2023,
  title = {{{gSampler}}: {{General}} and {{Efficient GPU-based Graph Sampling}} for {{Graph Learning}}},
  shorttitle = {{{gSampler}}},
  booktitle = {Proceedings of the 29th {{Symposium}} on {{Operating Systems Principles}}},
  author = {Gong, Ping and Liu, Renjie and Mao, Zunyao and Cai, Zhenkun and Yan, Xiao and Li, Cheng and Wang, Minjie and Li, Zhuozhao},
  year = {2023},
  month = oct,
  pages = {562--578},
  publisher = {ACM},
  address = {Koblenz Germany},
  doi = {10.1145/3600006.3613168},
  urldate = {2024-03-28},
  isbn = {9798400702297},
  langid = {english}
}

@misc{huAligningLanguageModels2023,
  title = {Aligning {{Language Models}} with {{Offline Learning}} from {{Human Feedback}}},
  author = {Hu, Jian and Tao, Li and Yang, June and Zhou, Chandler},
  year = {2023},
  month = dec,
  number = {arXiv:2308.12050},
  eprint = {2308.12050},
  primaryclass = {cs},
  publisher = {arXiv},
  doi = {10.48550/arXiv.2308.12050},
  urldate = {2024-03-22},
  archiveprefix = {arxiv}
}

@article{huHydroSurrogatebasedHyperparameter,
  title = {Hydro: {{Surrogate-based Hyperparameter Tuning Service}} in {{Datacenters}}},
  author = {Hu, Qinghao and Ye, Zhisheng and Zhang, Meng and Chen, Qiaoling and Sun, Peng and Wen, Yonggang and Zhang, Tianwei},
  langid = {english}
}

@inproceedings{jangOobleckResilientDistributed2023,
  title = {Oobleck: {{Resilient Distributed Training}} of {{Large Models Using Pipeline Templates}}},
  shorttitle = {Oobleck},
  booktitle = {Proceedings of the 29th {{Symposium}} on {{Operating Systems Principles}}},
  author = {Jang, Insu and Yang, Zhenning and Zhang, Zhen and Jin, Xin and Chowdhury, Mosharaf},
  year = {2023},
  month = oct,
  eprint = {2309.08125},
  primaryclass = {cs},
  pages = {382--395},
  doi = {10.1145/3600006.3613152},
  urldate = {2024-03-21},
  archiveprefix = {arxiv}
}

@article{kaufmann2023survey,
  title={A survey of reinforcement learning from human feedback},
  author={Kaufmann, Timo and Weng, Paul and Bengs, Viktor and H{\"u}llermeier, Eyke},
  journal={arXiv preprint arXiv:2312.14925},
  year={2023}
}

@inproceedings{kwon2023efficient,
  title={Efficient memory management for large language model serving with pagedattention},
  author={Kwon, Woosuk and Li, Zhuohan and Zhuang, Siyuan and Sheng, Ying and Zheng, Lianmin and Yu, Cody Hao and Gonzalez, Joseph and Zhang, Hao and Stoica, Ion},
  booktitle={Proceedings of the 29th Symposium on Operating Systems Principles},
  pages={611--626},
  year={2023}
}

@inproceedings{li2023alpaserve,
  title={$\{$AlpaServe$\}$: Statistical multiplexing with model parallelism for deep learning serving},
  author={Li, Zhuohan and Zheng, Lianmin and Zhong, Yinmin and Liu, Vincent and Sheng, Ying and Jin, Xin and Huang, Yanping and Chen, Zhifeng and Zhang, Hao and Gonzalez, Joseph E and others},
  booktitle={17th USENIX Symposium on Operating Systems Design and Implementation (OSDI 23)},
  pages={663--679},
  year={2023}
}

@article{liang2021rllib,
  title={RLlib Flow: Distributed Reinforcement Learning is a Dataflow Problem},
  author={Liang, Eric and Wu, Zhanghao and Luo, Michael and Mika, Sven and Gonzalez, Joseph E and Stoica, Ion},
  journal={Advances in Neural Information Processing Systems},
  volume={34},
  pages={5506--5517},
  year={2021}
}

@misc{nagrechaSystemsParallelDistributed2023,
  title = {Systems for {{Parallel}} and {{Distributed Large-Model Deep Learning Training}}},
  author = {Nagrecha, Kabir},
  year = {2023},
  month = jan,
  number = {arXiv:2301.02691},
  eprint = {2301.02691},
  primaryclass = {cs},
  publisher = {arXiv},
  urldate = {2024-03-25},
  archiveprefix = {arxiv}
}

@inproceedings{narayanan2021efficient,
  title={Efficient large-scale language model training on gpu clusters using megatron-lm},
  author={Narayanan, Deepak and Shoeybi, Mohammad and Casper, Jared and LeGresley, Patrick and Patwary, Mostofa and Korthikanti, Vijay and Vainbrand, Dmitri and Kashinkunti, Prethvi and Bernauer, Julie and Catanzaro, Bryan and others},
  booktitle={Proceedings of the International Conference for High Performance Computing, Networking, Storage and Analysis},
  pages={1--15},
  year={2021}
}

@misc{ouyangTrainingLanguageModels2022,
  title = {Training Language Models to Follow Instructions with Human Feedback},
  author = {Ouyang, Long and Wu, Jeff and Jiang, Xu and Almeida, Diogo and Wainwright, Carroll L. and Mishkin, Pamela and Zhang, Chong and Agarwal, Sandhini and Slama, Katarina and Ray, Alex and Schulman, John and Hilton, Jacob and Kelton, Fraser and Miller, Luke and Simens, Maddie and Askell, Amanda and Welinder, Peter and Christiano, Paul and Leike, Jan and Lowe, Ryan},
  year = {2022},
  month = mar,
  number = {arXiv:2203.02155},
  eprint = {2203.02155},
  primaryclass = {cs},
  publisher = {arXiv},
  doi = {10.48550/arXiv.2203.02155},
  urldate = {2024-03-22},
  archiveprefix = {arxiv}
}

@inproceedings{pengGenericCommunicationScheduler2019,
  title = {A Generic Communication Scheduler for Distributed {{DNN}} Training Acceleration},
  booktitle = {Proceedings of the 27th {{ACM Symposium}} on {{Operating Systems Principles}}},
  author = {Peng, Yanghua and Zhu, Yibo and Chen, Yangrui and Bao, Yixin and Yi, Bairen and Lan, Chang and Wu, Chuan and Guo, Chuanxiong},
  year = {2019},
  month = oct,
  pages = {16--29},
  publisher = {ACM},
  address = {Huntsville Ontario Canada},
  doi = {10.1145/3341301.3359642},
  urldate = {2024-03-21},
  isbn = {978-1-4503-6873-5},
  langid = {english}
}

@inproceedings{song2024preference,
  title={Preference ranking optimization for human alignment},
  author={Song, Feifan and Yu, Bowen and Li, Minghao and Yu, Haiyang and Huang, Fei and Li, Yongbin and Wang, Houfeng},
  booktitle={Proceedings of the AAAI Conference on Artificial Intelligence},
  volume={38},
  number={17},
  pages={18990--18998},
  year={2024}
}

@article{wang2023aligning,
  title={Aligning large language models with human: A survey},
  author={Wang, Yufei and Zhong, Wanjun and Li, Liangyou and Mi, Fei and Zeng, Xingshan and Huang, Wenyong and Shang, Lifeng and Jiang, Xin and Liu, Qun},
  journal={arXiv preprint arXiv:2307.12966},
  year={2023}
}

@inproceedings{wangGEMINIFastFailure2023,
  title = {{{GEMINI}}: {{Fast Failure Recovery}} in {{Distributed Training}} with {{In-Memory Checkpoints}}},
  shorttitle = {{{GEMINI}}},
  booktitle = {Proceedings of the 29th {{Symposium}} on {{Operating Systems Principles}}},
  author = {Wang, Zhuang and Jia, Zhen and Zheng, Shuai and Zhang, Zhen and Fu, Xinwei and Ng, T. S. Eugene and Wang, Yida},
  year = {2023},
  month = oct,
  pages = {364--381},
  publisher = {ACM},
  address = {Koblenz Germany},
  doi = {10.1145/3600006.3613145},
  urldate = {2024-03-22},
  isbn = {9798400702297},
  langid = {english}
}

@article{wang2023zero++,
  title={Zero++: Extremely efficient collective communication for giant model training},
  author={Wang, Guanhua and Qin, Heyang and Jacobs, Sam Ade and Holmes, Connor and Rajbhandari, Samyam and Ruwase, Olatunji and Yan, Feng and Yang, Lei and He, Yuxiong},
  journal={arXiv preprint arXiv:2306.10209},
  year={2023}
}

@misc{wuFastDistributedInference2023,
  title = {Fast {{Distributed Inference Serving}} for {{Large Language Models}}},
  author = {Wu, Bingyang and Zhong, Yinmin and Zhang, Zili and Huang, Gang and Liu, Xuanzhe and Jin, Xin},
  year = {2023},
  month = may,
  number = {arXiv:2305.05920},
  eprint = {2305.05920},
  primaryclass = {cs},
  publisher = {arXiv},
  urldate = {2024-03-22},
  archiveprefix = {arxiv}
}

@misc{zhaiUncertaintyPenalizedReinforcementLearning2023,
  title = {Uncertainty-{{Penalized Reinforcement Learning}} from {{Human Feedback}} with {{Diverse Reward LoRA Ensembles}}},
  author = {Zhai, Yuanzhao and Zhang, Han and Lei, Yu and Yu, Yue and Xu, Kele and Feng, Dawei and Ding, Bo and Wang, Huaimin},
  year = {2023},
  month = dec,
  number = {arXiv:2401.00243},
  eprint = {2401.00243},
  primaryclass = {cs},
  publisher = {arXiv},
  urldate = {2024-03-22},
  archiveprefix = {arxiv}
}

@misc{zhangHAPSPMDDNN2024,
  title = {{{HAP}}: {{SPMD DNN Training}} on {{Heterogeneous GPU Clusters}} with {{Automated Program Synthesis}}},
  shorttitle = {{{HAP}}},
  author = {Zhang, Shiwei and Diao, Lansong and Wu, Chuan and Cao, Zongyan and Wang, Siyu and Lin, Wei},
  year = {2024},
  month = jan,
  eprint = {2401.05965},
  primaryclass = {cs},
  doi = {10.1145/3627703.3629580},
  urldate = {2024-03-31},
  archiveprefix = {arxiv}
}

@inproceedings{zheng2022alpa,
  title={Alpa: Automating inter-and $\{$Intra-Operator$\}$ parallelism for distributed deep learning},
  author={Zheng, Lianmin and Li, Zhuohan and Zhang, Hao and Zhuang, Yonghao and Chen, Zhifeng and Huang, Yanping and Wang, Yida and Xu, Yuanzhong and Zhuo, Danyang and Xing, Eric P and others},
  booktitle={16th USENIX Symposium on Operating Systems Design and Implementation (OSDI 22)},
  pages={559--578},
  year={2022}
}

@misc{zhongDistServeDisaggregatingPrefill2024,
  title = {{{DistServe}}: {{Disaggregating Prefill}} and {{Decoding}} for {{Goodput-optimized Large Language Model Serving}}},
  shorttitle = {{{DistServe}}},
  author = {Zhong, Yinmin and Liu, Shengyu and Chen, Junda and Hu, Jianbo and Zhu, Yibo and Liu, Xuanzhe and Jin, Xin and Zhang, Hao},
  year = {2024},
  month = jan,
  number = {arXiv:2401.09670},
  eprint = {2401.09670},
  primaryclass = {cs},
  publisher = {arXiv},
  urldate = {2024-03-31},
  archiveprefix = {arxiv}
}


@article{schulman2017proximal,
  title={Proximal policy optimization algorithms},
  author={Schulman, John and Wolski, Filip and Dhariwal, Prafulla and Radford, Alec and Klimov, Oleg},
  journal={arXiv preprint arXiv:1707.06347},
  year={2017}
}

@article{ouyang2022training,
  title={Training language models to follow instructions with human feedback},
  author={Ouyang, Long and Wu, Jeffrey and Jiang, Xu and Almeida, Diogo and Wainwright, Carroll and Mishkin, Pamela and Zhang, Chong and Agarwal, Sandhini and Slama, Katarina and Ray, Alex and others},
  journal={Advances in Neural Information Processing Systems},
  volume={35},
  pages={27730--27744},
  year={2022}
}

@article{santacroce2023efficient,
  title={Efficient rlhf: Reducing the memory usage of ppo},
  author={Santacroce, Michael and Lu, Yadong and Yu, Han and Li, Yuanzhi and Shen, Yelong},
  journal={arXiv preprint arXiv:2309.00754},
  year={2023}
}

@article{yao2023deepspeedchat,
  title={DeepSpeed-Chat: Easy, Fast and Affordable RLHF Training of ChatGPT-like Models at All Scales},
  author={Yao, Zhewei and Aminabadi, Reza Yazdani and Ruwase, Olatunji and Rajbhandari, Samyam and Wu, Xiaoxia and Awan, Ammar Ahmad and Rasley, Jeff and Zhang, Minjia and Li, Conglong and Holmes, Connor and others},
  journal={arXiv preprint arXiv:2308.01320},
  year={2023}
}

@article{shoeybi2019megatron,
  title={Megatron-lm: Training multi-billion parameter language models using model parallelism},
  author={Shoeybi, Mohammad and Patwary, Mostofa and Puri, Raul and LeGresley, Patrick and Casper, Jared and Catanzaro, Bryan},
  journal={arXiv preprint arXiv:1909.08053},
  year={2019}
}

@inproceedings{rasley2020deepspeed,
  title={Deepspeed: System optimizations enable training deep learning models with over 100 billion parameters},
  author={Rasley, Jeff and Rajbhandari, Samyam and Ruwase, Olatunji and He, Yuxiong},
  booktitle={Proceedings of the 26th ACM SIGKDD International Conference on Knowledge Discovery \& Data Mining},
  pages={3505--3506},
  year={2020}
}

@article{bai2022training,
  title={Training a helpful and harmless assistant with reinforcement learning from human feedback},
  author={Bai, Yuntao and Jones, Andy and Ndousse, Kamal and Askell, Amanda and Chen, Anna and DasSarma, Nova and Drain, Dawn and Fort, Stanislav and Ganguli, Deep and Henighan, Tom and others},
  journal={arXiv preprint arXiv:2204.05862},
  year={2022}
}

@article{zhang2022opt,
  title={Opt: Open pre-trained transformer language models},
  author={Zhang, Susan and Roller, Stephen and Goyal, Naman and Artetxe, Mikel and Chen, Moya and Chen, Shuohui and Dewan, Christopher and Diab, Mona and Li, Xian and Lin, Xi Victoria and others},
  journal={arXiv preprint arXiv:2205.01068},
  year={2022}
}

@article{deletang2023language,
  title={Language modeling is compression},
  author={Del{\'e}tang, Gr{\'e}goire and Ruoss, Anian and Duquenne, Paul-Ambroise and Catt, Elliot and Genewein, Tim and Mattern, Christopher and Grau-Moya, Jordi and Wenliang, Li Kevin and Aitchison, Matthew and Orseau, Laurent and others},
  journal={arXiv preprint arXiv:2309.10668},
  year={2023}
}

@article{touvron2023llama,
  title={Llama 2: Open foundation and fine-tuned chat models},
  author={Touvron, Hugo and Martin, Louis and Stone, Kevin and Albert, Peter and Almahairi, Amjad and Babaei, Yasmine and Bashlykov, Nikolay and Batra, Soumya and Bhargava, Prajjwal and Bhosale, Shruti and others},
  journal={arXiv preprint arXiv:2307.09288},
  year={2023}
}

@article{openai2023gpt4,
  title={Gpt-4 technical report},
  author={Achiam, Josh and Adler, Steven and Agarwal, Sandhini and Ahmad, Lama and Akkaya, Ilge and Aleman, Florencia Leoni and Almeida, Diogo and Altenschmidt, Janko and Altman, Sam and Anadkat, Shyamal and others},
  journal={arXiv preprint arXiv:2303.08774},
  year={2023}
}

@article{he2021towards,
  title={Towards a unified view of parameter-efficient transfer learning},
  author={He, Junxian and Zhou, Chunting and Ma, Xuezhe and Berg-Kirkpatrick, Taylor and Neubig, Graham},
  journal={arXiv preprint arXiv:2110.04366},
  year={2021}
}

@article{stiennon2020learning,
  title={Learning to summarize with human feedback},
  author={Stiennon, Nisan and Ouyang, Long and Wu, Jeffrey and Ziegler, Daniel and Lowe, Ryan and Voss, Chelsea and Radford, Alec and Amodei, Dario and Christiano, Paul F},
  journal={Advances in Neural Information Processing Systems},
  volume={33},
  pages={3008--3021},
  year={2020}
}

@misc{uehara2022review,
      title={A Review of Off-Policy Evaluation in Reinforcement Learning}, 
      author={Masatoshi Uehara and Chengchun Shi and Nathan Kallus},
      year={2022},
      eprint={2212.06355},
      archivePrefix={arXiv},
      primaryClass={stat.ML}
}

@inproceedings{haarnoja2018soft,
  title={Soft actor-critic: Off-policy maximum entropy deep reinforcement learning with a stochastic actor},
  author={Haarnoja, Tuomas and Zhou, Aurick and Abbeel, Pieter and Levine, Sergey},
  booktitle={International conference on machine learning},
  pages={1861--1870},
  year={2018},
  organization={PMLR}
}

@inproceedings{schulman2015trust,
  title={Trust region policy optimization},
  author={Schulman, John and Levine, Sergey and Abbeel, Pieter and Jordan, Michael and Moritz, Philipp},
  booktitle={International conference on machine learning},
  pages={1889--1897},
  year={2015},
  organization={PMLR}
}

@article{wu2017scalable,
  title={Scalable trust-region method for deep reinforcement learning using kronecker-factored approximation},
  author={Wu, Yuhuai and Mansimov, Elman and Grosse, Roger B and Liao, Shun and Ba, Jimmy},
  journal={Advances in neural information processing systems},
  volume={30},
  year={2017}
}

@article{schaarschmidt2019rlgraph,
  title={Rlgraph: modular computation graphs for deep reinforcement learning},
  author={Schaarschmidt, Michael and Mika, Sven and Fricke, Kai and Yoneki, Eiko},
  journal={Proceedings of Machine Learning and Systems},
  volume={1},
  pages={65--80},
  year={2019}
}

@article{hoffman2020acme,
  title={Acme: A research framework for distributed reinforcement learning},
  author={Hoffman, Matthew W and Shahriari, Bobak and Aslanides, John and Barth-Maron, Gabriel and Momchev, Nikola and Sinopalnikov, Danila and Sta{\'n}czyk, Piotr and Ramos, Sabela and Raichuk, Anton and Vincent, Damien and others},
  journal={arXiv preprint arXiv:2006.00979},
  year={2020}
}

@inproceedings{liang2018rllib,
  title={RLlib: Abstractions for distributed reinforcement learning},
  author={Liang, Eric and Liaw, Richard and Nishihara, Robert and Moritz, Philipp and Fox, Roy and Goldberg, Ken and Gonzalez, Joseph and Jordan, Michael and Stoica, Ion},
  booktitle={International conference on machine learning},
  pages={3053--3062},
  year={2018},
  organization={PMLR}
}

@inproceedings{havrilla2023trlx,
  title={trlX: A framework for large scale reinforcement learning from human feedback},
  author={Havrilla, Alexander and Zhuravinskyi, Maksym and Phung, Duy and Tiwari, Aman and Tow, Jonathan and Biderman, Stella and Anthony, Quentin and Castricato, Louis},
  booktitle={Proceedings of the 2023 Conference on Empirical Methods in Natural Language Processing},
  pages={8578--8595},
  year={2023}
}

@article{paszke2019pytorch,
  title={Pytorch: An imperative style, high-performance deep learning library},
  author={Paszke, Adam and Gross, Sam and Massa, Francisco and Lerer, Adam and Bradbury, James and Chanan, Gregory and Killeen, Trevor and Lin, Zeming and Gimelshein, Natalia and Antiga, Luca and others},
  journal={Advances in neural information processing systems},
  volume={32},
  year={2019}
}

@article{chan2007collective,
  title={Collective communication: theory, practice, and experience},
  author={Chan, Ernie and Heimlich, Marcel and Purkayastha, Avi and Van De Geijn, Robert},
  journal={Concurrency and Computation: Practice and Experience},
  volume={19},
  number={13},
  pages={1749--1783},
  year={2007},
  publisher={Wiley Online Library}
}

@article{yuan2024llmrooftline,
  title   = {LLM Inference Unveiled: Survey and Roofline Model Insights},
  author  = {Zhihang Yuan and Yuzhang Shang and Yang Zhou and Zhen Dong and Zhe Zhou and Chenhao Xue and Bingzhe Wu and Zhikai Li and Qingyi Gu and Yong Jae Lee and Yan Yan and Beidi Chen and Guangyu Sun and Kurt Keutzer},
  year    = {2024},
  journal = {arXiv preprint arXiv: 2402.16363}
}

@article{korthikanti2023reducing,
  title={Reducing activation recomputation in large transformer models},
  author={Korthikanti, Vijay Anand and Casper, Jared and Lym, Sangkug and McAfee, Lawrence and Andersch, Michael and Shoeybi, Mohammad and Catanzaro, Bryan},
  journal={Proceedings of Machine Learning and Systems},
  volume={5},
  year={2023}
}

@inproceedings{jeaugey2017nccl,
  title={Nccl 2.0},
  author={Jeaugey, Sylvain},
  booktitle={GPU Technology Conference (GTC)},
  volume={2},
  pages={23},
  year={2017}
}

@inproceedings{abadi2016tensorflow,
  title={TensorFlow: learning functions at scale},
  author={Abadi, Mart{\'\i}n},
  booktitle={Proceedings of the 21st ACM SIGPLAN international conference on functional programming},
  pages={1--1},
  year={2016}
}

@article{barham2022pathways,
  title={Pathways: Asynchronous distributed dataflow for ml},
  author={Barham, Paul and Chowdhery, Aakanksha and Dean, Jeff and Ghemawat, Sanjay and Hand, Steven and Hurt, Daniel and Isard, Michael and Lim, Hyeontaek and Pang, Ruoming and Roy, Sudip and others},
  journal={Proceedings of Machine Learning and Systems},
  volume={4},
  pages={430--449},
  year={2022}
}

@misc{chatgpt,
  title        = {Introducing ChatGPT},
  howpublished = {\url{https://openai.com/blog/chatgpt}},
  year         = {2022}
}

@misc{nccl,
      title={NVIDIA Collective Communications Library (NCCL)},
      url={https://developer.nvidia.com/nccl},
      year={2023}
}

@inproceedings{ren2021zerooffload,
  title={$\{$Zero-offload$\}$: Democratizing $\{$billion-scale$\}$ model training},
  author={Ren, Jie and Rajbhandari, Samyam and Aminabadi, Reza Yazdani and Ruwase, Olatunji and Yang, Shuangyan and Zhang, Minjia and Li, Dong and He, Yuxiong},
  booktitle={2021 USENIX Annual Technical Conference (USENIX ATC 21)},
  pages={551--564},
  year={2021}
}

@inproceedings{yu2022orca,
  title={Orca: A distributed serving system for $\{$Transformer-Based$\}$ generative models},
  author={Yu, Gyeong-In and Jeong, Joo Seong and Kim, Geon-Woo and Kim, Soojeong and Chun, Byung-Gon},
  booktitle={16th USENIX Symposium on Operating Systems Design and Implementation (OSDI 22)},
  pages={521--538},
  year={2022}
}

@article{zhang2024hap,
  title={HAP: SPMD DNN Training on Heterogeneous GPU Clusters with Automated Program Synthesis},
  author={Zhang, Shiwei and Diao, Lansong and Wu, Chuan and Cao, Zongyan and Wang, Siyu and Lin, Wei},
  journal={arXiv preprint arXiv:2401.05965},
  year={2024}
}

@inproceedings{silver2014policy,
  title={Deterministic policy gradient algorithms},
  author={Silver, David and Lever, Guy and Heess, Nicolas and Degris, Thomas and Wierstra, Daan and Riedmiller, Martin},
  booktitle={International conference on machine learning},
  pages={387--395},
  year={2014},
  organization={Pmlr}
}

@article{sergeev2018horovod,
  title={Horovod: fast and easy distributed deep learning in TensorFlow},
  author={Sergeev, Alexander and Del Balso, Mike},
  journal={arXiv preprint arXiv:1802.05799},
  year={2018}
}

@software{nvidiaTensorRTLLM,
  author = {NVIDIA Corporation},
  title  = {TensorRT-LLM: A TensorRT Toolbox for Optimized Large Language Model Inference.},
  url    = {https://github.com/NVIDIA/TensorRT-LLM},
  year   = {2023}
}

@inproceedings{darema2001spmd,
  title={The spmd model: Past, present and future},
  author={Darema, Frederica},
  booktitle={Recent Advances in Parallel Virtual Machine and Message Passing Interface: 8th European PVM/MPI Users’ Group Meeting Santorini/Thera, Greece, September 23--26, 2001 Proceedings 8},
  pages={1--1},
  year={2001},
  organization={Springer}
}

@inproceedings{moritz2018ray,
  title={Ray: A distributed framework for emerging $\{$AI$\}$ applications},
  author={Moritz, Philipp and Nishihara, Robert and Wang, Stephanie and Tumanov, Alexey and Liaw, Richard and Liang, Eric and Elibol, Melih and Yang, Zongheng and Paul, William and Jordan, Michael I and others},
  booktitle={13th USENIX symposium on operating systems design and implementation (OSDI 18)},
  pages={561--577},
  year={2018}
}

@article{agrawal2019jax,
  title={TensorFlow Eager: A multi-stage, Python-embedded DSL for machine learning},
  author={Agrawal, Akshay and Modi, Akshay and Passos, Alexandre and Lavoie, Allen and Agarwal, Ashish and Shankar, Asim and Ganichev, Igor and Levenberg, Josh and Hong, Mingsheng and Monga, Rajat and others},
  journal={Proceedings of Machine Learning and Systems},
  volume={1},
  pages={178--189},
  year={2019}
}

@article{xiao2023adaptive,
  title   = {An Adaptive Placement and Parallelism Framework for Accelerating RLHF Training},
  author  = {Youshao Xiao and Weichang Wu and Zhenglei Zhou and Fagui Mao and Shangchun Zhao and Lin Ju and Lei Liang and Xiaolu Zhang and Jun Zhou},
  year    = {2023},
  journal = {arXiv preprint arXiv: 2312.11819}
}

@misc{hu23openrlhf,
   author = {Jian Hu and Xibin Wu and Xianyu and Chen Su and Leon Qiu and Daoning Jiang and Qing Wang and Weixun Wang},
   title = {OpenRLHF: A Ray-based High-performance RLHF framework},
   year={2023},
   publisher = {GitHub},
   journal = {GitHub repository},
   howpublished = {\url{https://github.com/OpenLLMAI/OpenRLHF}}
}

@software{NeMoAligner,
  author = {NVIDIA Corporation},
  title  = {NeMo-Aligner: Scalable toolkit for efficient model alignment.},
  url    = {https://github.com/NVIDIA/NeMo-Aligner},
  year   = {2024}
}

@article{cheatham1996bulk,
  title={Bulk synchronous parallel computing—a paradigm for transportable software},
  author={Cheatham, Thomas and Fahmy, Amr and Stefanescu, Dan and Valiant, Leslie},
  journal={Tools and Environments for Parallel and Distributed Systems},
  pages={61--76},
  year={1996},
  publisher={Springer}
}

@inproceedings{bisseling1994scientificbulk,
  title={Scientific computing on bulk synchronous parallel architectures},
  author={Bisseling, Rob H and McColl, William F},
  booktitle={IFIP Congress (1)},
  pages={509--514},
  year={1994},
  organization={Citeseer}
}

@article{yuan2023rrhf,
  title={Rrhf: Rank responses to align language models with human feedback without tears},
  author={Yuan, Zheng and Yuan, Hongyi and Tan, Chuanqi and Wang, Wei and Huang, Songfang and Huang, Fei},
  journal={arXiv preprint arXiv:2304.05302},
  year={2023}
}

@article{santacroce2023efficient-rlhf,
  title   = {Efficient RLHF: Reducing the Memory Usage of PPO},
  author  = {Michael Santacroce and Yadong Lu and Han Yu and Yuanzhi Li and Yelong Shen},
  year    = {2023},
  journal = {arXiv preprint arXiv: 2309.00754}
}

@software{CollosalChat,
  author = {Collosal-AI Corporation},
  title  = {Collosal-Chat.},
  url    = {https://github.com/binmakeswell/ColossalChat},
  year   = {2023}
}

@article{wolf2019huggingfaces,
  title   = {HuggingFace's Transformers: State-of-the-art Natural Language Processing},
  author  = {Thomas Wolf and Lysandre Debut and Victor Sanh and Julien Chaumond and Clement Delangue and Anthony Moi and Pierric Cistac and Tim Rault and Rémi Louf and Morgan Funtowicz and Joe Davison and Sam Shleifer and Patrick von Platen and Clara Ma and Yacine Jernite and Julien Plu and Canwen Xu and Teven Le Scao and Sylvain Gugger and Mariama Drame and Quentin Lhoest and Alexander M. Rush},
  year    = {2019},
  journal = {arXiv preprint arXiv: 1910.03771}
}

@article{williams1992REINFORCE,
  title={Simple statistical gradient-following algorithms for connectionist reinforcement learning},
  author={Williams, Ronald J},
  journal={Machine learning},
  volume={8},
  pages={229--256},
  year={1992},
  publisher={Springer}
}

@article{li2023remax,
  title   = {ReMax: A Simple, Effective, and Efficient Reinforcement Learning Method for Aligning Large Language Models},
  author  = {Ziniu Li and Tian Xu and Yushun Zhang and Zhihang Lin and Yang Yu and Ruoyu Sun and Zhi-Quan Luo},
  year    = {2023},
  journal = {arXiv preprint arXiv: 2310.10505}
}

@article{nakano2021webgpt,
  title={Webgpt: Browser-assisted question-answering with human feedback},
  author={Nakano, Reiichiro and Hilton, Jacob and Balaji, Suchir and Wu, Jeff and Ouyang, Long and Kim, Christina and Hesse, Christopher and Jain, Shantanu and Kosaraju, Vineet and Saunders, William and others},
  journal={arXiv preprint arXiv:2112.09332},
  year={2021}
}

@article{rozière2023codellama,
  title   = {Code Llama: Open Foundation Models for Code},
  author  = {Baptiste Rozière and Jonas Gehring and Fabian Gloeckle and Sten Sootla and Itai Gat and Xiaoqing Ellen Tan and Yossi Adi and Jingyu Liu and Romain Sauvestre and Tal Remez and Jérémy Rapin and Artyom Kozhevnikov and Ivan Evtimov and Joanna Bitton and Manish Bhatt and Cristian Canton Ferrer and Aaron Grattafiori and Wenhan Xiong and Alexandre Défossez and Jade Copet and Faisal Azhar and Hugo Touvron and Louis Martin and Nicolas Usunier and Thomas Scialom and Gabriel Synnaeve},
  year    = {2023},
  journal = {arXiv preprint arXiv: 2308.12950}
}

@inproceedings{aceos_eurosys24,
author = {Liu, Guodong and Miao, Youshan and Lin, Zhiqi and Shi, Xiaoxiang and Maleki, Saeed and Yang, Fan and Bao, Yungang and Wang, Sa},
title = {Aceso: Efficient Parallel DNN Training through Iterative Bottleneck Alleviation},
year = {2024},
isbn = {9798400704376},
publisher = {Association for Computing Machinery},
address = {New York, NY, USA},
url = {https://doi.org/10.1145/3627703.3629554},
doi = {10.1145/3627703.3629554},
booktitle = {Proceedings of the Nineteenth European Conference on Computer Systems},
pages = {163–181},
numpages = {19},
keywords = {automatic parallelization, deep learning, distributed system},
location = {<conf-loc>, <city>Athens</city>, <country>Greece</country>, </conf-loc>},
series = {EuroSys '24}
}

@article{chen2016activation_recompute,
  title={Training deep nets with sublinear memory cost},
  author={Chen, Tianqi and Xu, Bing and Zhang, Chiyuan and Guestrin, Carlos},
  journal={arXiv preprint arXiv:1604.06174},
  year={2016}
}

@inproceedings{geoffrey2021habitat_computebound,
  title={Habitat: A $\{$Runtime-Based$\}$ computational performance predictor for deep neural network training},
  author={Geoffrey, X Yu and Gao, Yubo and Golikov, Pavel and Pekhimenko, Gennady},
  booktitle={2021 USENIX Annual Technical Conference (USENIX ATC 21)},
  pages={503--521},
  year={2021}
}

@inproceedings{akrour2011preference_tradtionrl,
  title={Preference-based policy learning},
  author={Akrour, Riad and Schoenauer, Marc and Sebag, Michele},
  booktitle={Machine Learning and Knowledge Discovery in Databases: European Conference, ECML PKDD 2011, Athens, Greece, September 5-9, 2011. Proceedings, Part I 11},
  pages={12--27},
  year={2011},
  organization={Springer}
}

@article{wilson2012bayesian_traditionrl,
  title={A bayesian approach for policy learning from trajectory preference queries},
  author={Wilson, Aaron and Fern, Alan and Tadepalli, Prasad},
  journal={Advances in neural information processing systems},
  volume={25},
  year={2012}
}

@article{shi1996reevaluating,
  title={Reevaluating Amdahl’s law and Gustafson’s law},
  author={Shi, Yuan},
  journal={Computer Sciences Department, Temple University (MS: 38-24)},
  year={1996}
}

@inproceedings{amdahl1967strongscaling,
  title={Validity of the single processor approach to achieving large scale computing capabilities},
  author={Amdahl, Gene M},
  booktitle={Proceedings of the April 18-20, 1967, spring joint computer conference},
  pages={483--485},
  year={1967}
}

@article{hafner2017tensorflowagents,
  title={Tensorflow agents: Efficient batched reinforcement learning in tensorflow},
  author={Hafner, Danijar and Davidson, James and Vanhoucke, Vincent},
  journal={arXiv preprint arXiv:1709.02878},
  year={2017}
}

@software{PytorchRL,
  author = {Kostrikov, I.},
  title  = {{PyTorch} implementation of advantage actor critic {(A2C)}, proximal
  policy optimization {(PPO)} and scalable trust-region method for deep
  reinforcement learning.},
  url    = {https://github.com/ikostrikov/pytorch-a2c-ppo-acktr},
  year   = {2017}
}

@software{coach,
  author = {Caspi, I.},
  title  = {Reinforcement learning coach by {Intel}},
  url    = {https://github.com/NervanaSystems/coach},
  year   = {2017}
}

@software{openaibaseline,
  author = {Hesse, C. and Plappert, M. and Radford, A. and Schulman, J. and Sidor, S. and Wu, Y.},
  title  = {OpenAI baselines},
  url    = {https://github.com/openai/baselines},
  year   = {2017}
}

@inproceedings{fan2021dapple,
  title={DAPPLE: A pipelined data parallel approach for training large models},
  author={Fan, Shiqing and Rong, Yi and Meng, Chen and Cao, Zongyan and Wang, Siyu and Zheng, Zhen and Wu, Chuan and Long, Guoping and Yang, Jun and Xia, Lixue and others},
  booktitle={Proceedings of the 26th ACM SIGPLAN Symposium on Principles and Practice of Parallel Programming},
  pages={431--445},
  year={2021}
}

@inproceedings{wang2019tofu,
  title={Supporting very large models using automatic dataflow graph partitioning},
  author={Wang, Minjie and Huang, Chien-chin and Li, Jinyang},
  booktitle={Proceedings of the Fourteenth EuroSys Conference 2019},
  pages={1--17},
  year={2019}
}

@inproceedings{lu2017flexflow,
  title={Flexflow: A flexible dataflow accelerator architecture for convolutional neural networks},
  author={Lu, Wenyan and Yan, Guihai and Li, Jiajun and Gong, Shijun and Han, Yinhe and Li, Xiaowei},
  booktitle={2017 IEEE International Symposium on High Performance Computer Architecture (HPCA)},
  pages={553--564},
  year={2017},
  organization={IEEE}
}

@inproceedings{wang2023gear,
  title={GEAR: a GPU-centric experience replay system for large reinforcement learning models},
  author={Wang, Hanjing and Sit, Man-Kit and He, Congjie and Wen, Ying and Zhang, Weinan and Wang, Jun and Yang, Yaodong and Mai, Luo},
  booktitle={International Conference on Machine Learning},
  pages={36380--36390},
  year={2023},
  organization={PMLR}
}

@inproceedings{zhang2022accelerating,
  title={Accelerating large-scale distributed neural network training with SPMD parallelism},
  author={Zhang, Shiwei and Diao, Lansong and Wu, Chuan and Wang, Siyu and Lin, Wei},
  booktitle={Proceedings of the 13th Symposium on Cloud Computing},
  pages={403--418},
  year={2022}
}

@article{agrawal2023sarathi,
  title={Sarathi: Efficient llm inference by piggybacking decodes with chunked prefills},
  author={Agrawal, Amey and Panwar, Ashish and Mohan, Jayashree and Kwatra, Nipun and Gulavani, Bhargav S and Ramjee, Ramachandran},
  journal={arXiv preprint arXiv:2308.16369},
  year={2023}
}

@inproceedings{han2022microsecond,
  title={Microsecond-scale preemption for concurrent GPU-accelerated DNN inferences},
  author={Han, Mingcong and Zhang, Hanze and Chen, Rong and Chen, Haibo},
  booktitle={16th USENIX Symposium on Operating Systems Design and Implementation (OSDI 22)},
  pages={539--558},
  year={2022}
}

@misc{song2023powerinfer,
      title={PowerInfer: Fast Large Language Model Serving with a Consumer-grade GPU},
      author={Yixin Song and Zeyu Mi and Haotong Xie and Haibo Chen},
      year={2023},
      eprint={2312.12456},
      archivePrefix={arXiv},
      primaryClass={cs.LG}
}

@inproceedings{bai2020pipeswitch,
  title={$\{$PipeSwitch$\}$: Fast pipelined context switching for deep learning applications},
  author={Bai, Zhihao and Zhang, Zhen and Zhu, Yibo and Jin, Xin},
  booktitle={14th USENIX Symposium on Operating Systems Design and Implementation (OSDI 20)},
  pages={499--514},
  year={2020}
}

@inproceedings{gregg2012multiplex-gpu,
  title={$\{$Fine-Grained$\}$ Resource Sharing for Concurrent $\{$GPGPU$\}$ Kernels},
  author={Gregg, Chris and Dorn, Jonathan and Hazelwood, Kim and Skadron, Kevin},
  booktitle={4th USENIX Workshop on Hot Topics in Parallelism (HotPar 12)},
  year={2012}
}

@article{liang2014multi-plexgpu,
  title={Efficient GPU spatial-temporal multitasking},
  author={Liang, Yun and Huynh, Huynh Phung and Rupnow, Kyle and Goh, Rick Siow Mong and Chen, Deming},
  journal={IEEE Transactions on Parallel and Distributed Systems},
  volume={26},
  number={3},
  pages={748--760},
  year={2014},
  publisher={IEEE}
}

@inproceedings{park2017multiplex-gpu,
  title={Dynamic resource management for efficient utilization of multitasking GPUs},
  author={Park, Jason Jong Kyu and Park, Yongjun and Mahlke, Scott},
  booktitle={Proceedings of the twenty-second international conference on architectural support for programming languages and operating systems},
  pages={527--540},
  year={2017}
}

@inproceedings{wang2016multiplex-gpu,
  title={Simultaneous multikernel GPU: Multi-tasking throughput processors via fine-grained sharing},
  author={Wang, Zhenning and Yang, Jun and Melhem, Rami and Childers, Bruce and Zhang, Youtao and Guo, Minyi},
  booktitle={2016 IEEE international symposium on high performance computer architecture (HPCA)},
  pages={358--369},
  year={2016},
  organization={IEEE}
}

@article{guo2024multiagent,
  title={Large language model based multi-agents: A survey of progress and challenges},
  author={Guo, Taicheng and Chen, Xiuying and Wang, Yaqi and Chang, Ruidi and Pei, Shichao and Chawla, Nitesh V and Wiest, Olaf and Zhang, Xiangliang},
  journal={arXiv preprint arXiv:2402.01680},
  year={2024}
}

@article{zaharia2016spark,
  title={Apache spark: a unified engine for big data processing},
  author={Zaharia, Matei and Xin, Reynold S and Wendell, Patrick and Das, Tathagata and Armbrust, Michael and Dave, Ankur and Meng, Xiangrui and Rosen, Josh and Venkataraman, Shivaram and Franklin, Michael J and others},
  journal={Communications of the ACM},
  volume={59},
  number={11},
  pages={56--65},
  year={2016},
  publisher={ACM New York, NY, USA}
}

@article{dean2008mapreduce,
  title={MapReduce: simplified data processing on large clusters},
  author={Dean, Jeffrey and Ghemawat, Sanjay},
  journal={Communications of the ACM},
  volume={51},
  number={1},
  pages={107--113},
  year={2008},
  publisher={ACM New York, NY, USA}
}

@inproceedings{isard2007dryad,
  title={Dryad: distributed data-parallel programs from sequential building blocks},
  author={Isard, Michael and Budiu, Mihai and Yu, Yuan and Birrell, Andrew and Fetterly, Dennis},
  booktitle={Proceedings of the 2nd ACM SIGOPS/EuroSys European conference on computer systems 2007},
  pages={59--72},
  year={2007}
}

@inproceedings{swift,
author = {Zhong, Yuchen and Sheng, Guangming and Liu, Juncheng and Yuan, Jinhui and Wu, Chuan},
title = {Swift: Expedited Failure Recovery for Large-Scale DNN Training},
year = {2023},
isbn = {9798400700156},
publisher = {Association for Computing Machinery},
address = {New York, NY, USA},
url = {https://doi.org/10.1145/3572848.3577510},
doi = {10.1145/3572848.3577510},
booktitle = {Proceedings of the 28th ACM SIGPLAN Annual Symposium on Principles and Practice of Parallel Programming},
pages = {447–449},
numpages = {3},
keywords = {distributed DNN training, failure resilience},
location = {Montreal, QC, Canada},
series = {PPoPP '23}
}

@inproceedings{murray2013naiad,
  title={Naiad: a timely dataflow system},
  author={Murray, Derek G and McSherry, Frank and Isaacs, Rebecca and Isard, Michael and Barham, Paul and Abadi, Mart{\'\i}n},
  booktitle={Proceedings of the Twenty-Fourth ACM Symposium on Operating Systems Principles},
  pages={439--455},
  year={2013}
}

@article{zheng2023improving,
  title={Improving generalization of alignment with human preferences through group invariant learning},
  author={Zheng, Rui and Shen, Wei and Hua, Yuan and Lai, Wenbin and Dou, Shihan and Zhou, Yuhao and Xi, Zhiheng and Wang, Xiao and Huang, Haoran and Gui, Tao and others},
  journal={arXiv preprint arXiv:2310.11971},
  year={2023}
}

@article{lee2023rlaif,
  title={Rlaif: Scaling reinforcement learning from human feedback with ai feedback},
  author={Lee, Harrison and Phatale, Samrat and Mansoor, Hassan and Lu, Kellie and Mesnard, Thomas and Bishop, Colton and Carbune, Victor and Rastogi, Abhinav},
  journal={arXiv preprint arXiv:2309.00267},
  year={2023}
}

@article{shao2024deepseekmath,
  title={Deepseekmath: Pushing the limits of mathematical reasoning in open language models},
  author={Shao, Zhihong and Wang, Peiyi and Zhu, Qihao and Xu, Runxin and Song, Junxiao and Zhang, Mingchuan and Li, YK and Wu, Y and Guo, Daya},
  journal={arXiv preprint arXiv:2402.03300},
  year={2024}
}

@article{rota1964number,
  title={The number of partitions of a set},
  author={Rota, Gian-Carlo},
  journal={The American Mathematical Monthly},
  volume={71},
  number={5},
  pages={498--504},
  year={1964},
  publisher={Taylor \& Francis}
}

@article{bell1934exponential,
  title={Exponential polynomials},
  author={Bell, Eric Temple},
  journal={Annals of Mathematics},
  pages={258--277},
  year={1934},
  publisher={JSTOR}
}

@book{andrews2004integer,
  title={Integer partitions},
  author={Andrews, George E and Eriksson, Kimmo},
  year={2004},
  publisher={Cambridge University Press}
}

@article{huang2024n+,
  title={The N+ Implementation Details of RLHF with PPO: A Case Study on TL; DR Summarization},
  author={Huang, Shengyi and Noukhovitch, Michael and Hosseini, Arian and Rasul, Kashif and Wang, Weixun and Tunstall, Lewis},
  journal={arXiv preprint arXiv:2403.17031},
  year={2024}
}

@article{xu2024dpo,
  title={Is dpo superior to ppo for llm alignment? a comprehensive study},
  author={Xu, Shusheng and Fu, Wei and Gao, Jiaxuan and Ye, Wenjie and Liu, Weilin and Mei, Zhiyu and Wang, Guangju and Yu, Chao and Wu, Yi},
  journal={arXiv preprint arXiv:2404.10719},
  year={2024}
}

@inproceedings{wang2023gemini,
  title={Gemini: Fast failure recovery in distributed training with in-memory checkpoints},
  author={Wang, Zhuang and Jia, Zhen and Zheng, Shuai and Zhang, Zhen and Fu, Xinwei and Ng, TS Eugene and Wang, Yida},
  booktitle={Proceedings of the 29th Symposium on Operating Systems Principles},
  pages={364--381},
  year={2023}
}

@inproceedings{jang2023oobleck,
  title={Oobleck: Resilient distributed training of large models using pipeline templates},
  author={Jang, Insu and Yang, Zhenning and Zhang, Zhen and Jin, Xin and Chowdhury, Mosharaf},
  booktitle={Proceedings of the 29th Symposium on Operating Systems Principles},
  pages={382--395},
  year={2023}
}

@inproceedings{mohan2021checkfreq,
  title={$\{$CheckFreq$\}$: Frequent,$\{$Fine-Grained$\}$$\{$DNN$\}$ Checkpointing},
  author={Mohan, Jayashree and Phanishayee, Amar and Chidambaram, Vijay},
  booktitle={19th USENIX Conference on File and Storage Technologies (FAST 21)},
  pages={203--216},
  year={2021}
}

@inproceedings{eisenman2022check,
  title={$\{$Check-N-Run$\}$: A checkpointing system for training deep learning recommendation models},
  author={Eisenman, Assaf and Matam, Kiran Kumar and Ingram, Steven and Mudigere, Dheevatsa and Krishnamoorthi, Raghuraman and Nair, Krishnakumar and Smelyanskiy, Misha and Annavaram, Murali},
  booktitle={19th USENIX Symposium on Networked Systems Design and Implementation (NSDI 22)},
  pages={929--943},
  year={2022}
}

@inproceedings{cui2022dvabatch,
  title={$\{$DVABatch$\}$: Diversity-aware $\{$Multi-Entry$\}$$\{$Multi-Exit$\}$ batching for efficient processing of $\{$DNN$\}$ services on $\{$GPUs$\}$},
  author={Cui, Weihao and Zhao, Han and Chen, Quan and Wei, Hao and Li, Zirui and Zeng, Deze and Li, Chao and Guo, Minyi},
  booktitle={2022 USENIX Annual Technical Conference (USENIX ATC 22)},
  pages={183--198},
  year={2022}
}

@article{zhangframework,
  title={A Framework for Training Large Language Models for Code Generation via Proximal Policy Optimization},
  author={Zhang, Chi and Sheng, Guangming and Liu, Siyao and Li, Jiahao and Feng, Ziyuan and Liu, Zherui and Liu, Xin and Jia, Xiaoying and Peng, Yanghua and Lin, Haibin and Wu, Chuan},
  year = {2024},
  journal = {NL2Code Workshop of ACM KDD 2024}
}

@article{cobbe2021gsm8k,
  title={Training verifiers to solve math word problems},
  author={Cobbe, Karl and Kosaraju, Vineet and Bavarian, Mohammad and Chen, Mark and Jun, Heewoo and Kaiser, Lukasz and Plappert, Matthias and Tworek, Jerry and Hilton, Jacob and Nakano, Reiichiro and others},
  journal={arXiv preprint arXiv:2110.14168},
  year={2021}
}

@article{2019math,
  author = {Saxton, Grefenstette, Hill, Kohli},
  title = {Analysing Mathematical Reasoning Abilities of Neural Models},
  year = {2019},
  journal = {arXiv:1904.01557}
}

@software{llm-analysis,
  author = {Cheng Li},
  title = {LLM-Analysis: Latency and Memory Analysis of Transformer Models for Training and Inference},
  year = {2023},
  url = {https://github.com/cli99/llm-analysis},
}