

@misc{SD,
  author = {Stable Diffusion},
  howpublished = "\url{https://github.com/CompVis/stable-diffusion/}",
}


@InProceedings{LDM,
    author    = {Rombach, Robin and Blattmann, Andreas and Lorenz, Dominik and Esser, Patrick and Ommer, Bj\"orn},
    title     = {High-Resolution Image Synthesis With Latent Diffusion Models},
    booktitle = {Proceedings of the IEEE/CVF Conference on Computer Vision and Pattern Recognition (CVPR)},
    month     = {June},
    year      = {2022},
    pages     = {10684-10695}
}

@InProceedings{Dreambooth,
    author    = {Ruiz, Nataniel and Li, Yuanzhen and Jampani, Varun and Pritch, Yael and Rubinstein, Michael and Aberman, Kfir},
    title     = {DreamBooth: Fine Tuning Text-to-Image Diffusion Models for Subject-Driven Generation},
    booktitle = {Proceedings of the IEEE/CVF Conference on Computer Vision and Pattern Recognition (CVPR)},
    month     = {June},
    year      = {2023},
    pages     = {22500-22510}
}

@misc{DALLE2,
      title={Hierarchical Text-Conditional Image Generation with CLIP Latents}, 
      author={Aditya Ramesh and Prafulla Dhariwal and Alex Nichol and Casey Chu and Mark Chen},
      year={2022},
      eprint={2204.06125},
      archivePrefix={arXiv},
      primaryClass={cs.CV}
}

@article{Imagen,
  title={Photorealistic text-to-image diffusion models with deep language understanding},
  author={Saharia, Chitwan and Chan, William and Saxena, Saurabh and Li, Lala and Whang, Jay and Denton, Emily L and Ghasemipour, Kamyar and Gontijo Lopes, Raphael and Karagol Ayan, Burcu and Salimans, Tim and others},
  journal={Advances in Neural Information Processing Systems},
  volume={35},
  pages={36479--36494},
  year={2022}
}

@article{textual_inversion,
  title={An image is worth one word: Personalizing text-to-image generation using textual inversion},
  author={Gal, Rinon and Alaluf, Yuval and Atzmon, Yuval and Patashnik, Or and Bermano, Amit H and Chechik, Gal and Cohen-Or, Daniel},
  journal={arXiv preprint arXiv:2208.01618},
  year={2022}
}

@article{anti_dreambooth,
  title={Anti-DreamBooth: Protecting users from personalized text-to-image synthesis},
  author={Van Le, Thanh and Phung, Hao and Nguyen, Thuan Hoang and Dao, Quan and Tran, Ngoc and Tran, Anh},
  journal={arXiv preprint arXiv:2303.15433},
  year={2023}
}

@article{GLAZE,
  title={Glaze: Protecting artists from style mimicry by text-to-image models},
  author={Shan, Shawn and Cryan, Jenna and Wenger, Emily and Zheng, Haitao and Hanocka, Rana and Zhao, Ben Y},
  journal={arXiv preprint arXiv:2302.04222},
  year={2023}
}

@article{Erasing,
  title={Erasing concepts from diffusion models},
  author={Gandikota, Rohit and Materzynska, Joanna and Fiotto-Kaufman, Jaden and Bau, David},
  journal={arXiv preprint arXiv:2303.07345},
  year={2023}
}

@inproceedings{SLD,
  title={Safe latent diffusion: Mitigating inappropriate degeneration in diffusion models},
  author={Schramowski, Patrick and Brack, Manuel and Deiseroth, Bj{\"o}rn and Kersting, Kristian},
  booktitle={Proceedings of the IEEE/CVF Conference on Computer Vision and Pattern Recognition},
  pages={22522--22531},
  year={2023}
}

@article{schuhmann2022laion,
  title={Laion-5b: An open large-scale dataset for training next generation image-text models},
  author={Schuhmann, Christoph and Beaumont, Romain and Vencu, Richard and Gordon, Cade and Wightman, Ross and Cherti, Mehdi and Coombes, Theo and Katta, Aarush and Mullis, Clayton and Wortsman, Mitchell and others},
  journal={Advances in Neural Information Processing Systems},
  volume={35},
  pages={25278--25294},
  year={2022}
}

@article{DDPM,
  title={Denoising diffusion probabilistic models},
  author={Ho, Jonathan and Jain, Ajay and Abbeel, Pieter},
  journal={Advances in neural information processing systems},
  volume={33},
  pages={6840--6851},
  year={2020}
}


@inproceedings{DALLE,
  title={Zero-shot text-to-image generation},
  author={Ramesh, Aditya and Pavlov, Mikhail and Goh, Gabriel and Gray, Scott and Voss, Chelsea and Radford, Alec and Chen, Mark and Sutskever, Ilya},
  booktitle={International Conference on Machine Learning},
  pages={8821--8831},
  year={2021},
  organization={PMLR}
}

@article{Cogview2,
  title={Cogview2: Faster and better text-to-image generation via hierarchical transformers},
  author={Ding, Ming and Zheng, Wendi and Hong, Wenyi and Tang, Jie},
  journal={Advances in Neural Information Processing Systems},
  volume={35},
  pages={16890--16902},
  year={2022}
}

@article{yu2022scaling,
  title={Scaling autoregressive models for content-rich text-to-image generation},
  author={Yu, Jiahui and Xu, Yuanzhong and Koh, Jing Yu and Luong, Thang and Baid, Gunjan and Wang, Zirui and Vasudevan, Vijay and Ku, Alexander and Yang, Yinfei and Ayan, Burcu Karagol and others},
  journal={arXiv preprint arXiv:2206.10789},
  year={2022}
}

@inproceedings{Vqgan_clip,
  title={Vqgan-clip: Open domain image generation and editing with natural language guidance},
  author={Crowson, Katherine and Biderman, Stella and Kornis, Daniel and Stander, Dashiell and Hallahan, Eric and Castricato, Louis and Raff, Edward},
  booktitle={European Conference on Computer Vision},
  pages={88--105},
  year={2022},
  organization={Springer}
}

@article{Cogview,
  title={Cogview: Mastering text-to-image generation via transformers},
  author={Ding, Ming and Yang, Zhuoyi and Hong, Wenyi and Zheng, Wendi and Zhou, Chang and Yin, Da and Lin, Junyang and Zou, Xu and Shao, Zhou and Yang, Hongxia and others},
  journal={Advances in Neural Information Processing Systems},
  volume={34},
  pages={19822--19835},
  year={2021}
}

@inproceedings{gafni2022make,
  title={Make-a-scene: Scene-based text-to-image generation with human priors},
  author={Gafni, Oran and Polyak, Adam and Ashual, Oron and Sheynin, Shelly and Parikh, Devi and Taigman, Yaniv},
  booktitle={European Conference on Computer Vision},
  pages={89--106},
  year={2022},
  organization={Springer}
}

@article{Muse,
  title={Muse: Text-to-image generation via masked generative transformers},
  author={Chang, Huiwen and Zhang, Han and Barber, Jarred and Maschinot, AJ and Lezama, Jose and Jiang, Lu and Yang, Ming-Hsuan and Murphy, Kevin and Freeman, William T and Rubinstein, Michael and others},
  journal={arXiv preprint arXiv:2301.00704},
  year={2023}
}

@article{Glide,
  title={Glide: Towards photorealistic image generation and editing with text-guided diffusion models},
  author={Nichol, Alex and Dhariwal, Prafulla and Ramesh, Aditya and Shyam, Pranav and Mishkin, Pamela and McGrew, Bob and Sutskever, Ilya and Chen, Mark},
  journal={arXiv preprint arXiv:2112.10741},
  year={2021}
}

@inproceedings{Vqgan,
  title={Taming transformers for high-resolution image synthesis},
  author={Esser, Patrick and Rombach, Robin and Ommer, Bjorn},
  booktitle={Proceedings of the IEEE/CVF conference on computer vision and pattern recognition},
  pages={12873--12883},
  year={2021}
}

@article{Classifierfreeguidiance,
  title={Diffusion models beat gans on image synthesis},
  author={Dhariwal, Prafulla and Nichol, Alexander},
  journal={Advances in neural information processing systems},
  volume={34},
  pages={8780--8794},
  year={2021}
}

@article{badnets,
  title={Badnets: Identifying vulnerabilities in the machine learning model supply chain},
  author={Gu, Tianyu and Dolan-Gavitt, Brendan and Garg, Siddharth},
  journal={arXiv preprint arXiv:1708.06733},
  year={2017}
}

@article{diffusionclip,
  title={Diffusionclip: Text-guided image manipulation using diffusion models},
  author={Kim, Gwanghyun and Ye, Jong Chul},
  year={2021}
}

@article{DDIM,
  title={Denoising diffusion implicit models},
  author={Song, Jiaming and Meng, Chenlin and Ermon, Stefano},
  journal={arXiv preprint arXiv:2010.02502},
  year={2020}
}

@article{GAN_implicit,
  title={Implicit generation and modeling with energy based models},
  author={Du, Yilun and Mordatch, Igor},
  journal={Advances in Neural Information Processing Systems},
  volume={32},
  year={2019}
}

@article{song2019generative,
  title={Generative modeling by estimating gradients of the data distribution},
  author={Song, Yang and Ermon, Stefano},
  journal={Advances in neural information processing systems},
  volume={32},
  year={2019}
}

@article{VAE,
  title={Auto-encoding variational bayes},
  author={Kingma, Diederik P and Welling, Max},
  journal={arXiv preprint arXiv:1312.6114},
  year={2013}
}

@article{Survey,
  title={Diffusion models: A comprehensive survey of methods and applications},
  author={Yang, Ling and Zhang, Zhilong and Song, Yang and Hong, Shenda and Xu, Runsheng and Zhao, Yue and Shao, Yingxia and Zhang, Wentao and Cui, Bin and Yang, Ming-Hsuan},
  journal={arXiv preprint arXiv:2209.00796},
  year={2022}
}

@misc{midjourney,
  title = {Midjourney},
  howpublished = "\url{www.midjourney.com}",
}

@misc{civitai,
  title = {Civitai},
  howpublished = "\url{https://civitai.com}",
}


@inproceedings{cleanimage,
  title={Clean-image Backdoor: Attacking Multi-label Models with Poisoned Labels Only},
  author={Chen, Kangjie and Lou, Xiaoxuan and Xu, Guowen and Li, Jiwei and Zhang, Tianwei},
  booktitle={The Eleventh International Conference on Learning Representations},
  year={2022}
}

@article{cleanlabel,
  title={Clean-label backdoor attacks},
  author={Turner, Alexander and Tsipras, Dimitris and Madry, Aleksander},
  year={2018}
}

@inproceedings{trojdiff,
  title={Trojdiff: Trojan attacks on diffusion models with diverse targets},
  author={Chen, Weixin and Song, Dawn and Li, Bo},
  booktitle={Proceedings of the IEEE/CVF Conference on Computer Vision and Pattern Recognition},
  pages={4035--4044},
  year={2023}
}

@inproceedings{chou2023backdoor,
  title={How to backdoor diffusion models ?},
  author={Chou, Sheng-Yen and Chen, Pin-Yu and Ho, Tsung-Yi},
  booktitle={Proceedings of the IEEE/CVF Conference on Computer Vision and Pattern Recognition},
  pages={4015--4024},
  year={2023}
}

@article{zhai2023text,
  title={Text-to-image diffusion models can be easily backdoored through multimodal data poisoning},
  author={Zhai, Shengfang and Dong, Yinpeng and Shen, Qingni and Pu, Shi and Fang, Yuejian and Su, Hang},
  journal={arXiv preprint arXiv:2305.04175},
  year={2023}
}

@article{struppek2022rickrolling,
  title={Rickrolling the artist: Injecting invisible backdoors into text-guided image generation models},
  author={Struppek, Lukas and Hintersdorf, Dominik and Kersting, Kristian},
  journal={arXiv preprint arXiv:2211.02408},
  year={2022}
}

@article{huang2023zero,
  title={Zero-Day Backdoor Attack against Text-to-Image Diffusion Models via Personalization},
  author={Huang, Yihao and Guo, Qing and Juefei-Xu, Felix},
  journal={arXiv preprint arXiv:2305.10701},
  year={2023}
}

@article{FID,
  title={Gans trained by a two time-scale update rule converge to a local nash equilibrium},
  author={Heusel, Martin and Ramsauer, Hubert and Unterthiner, Thomas and Nessler, Bernhard and Hochreiter, Sepp},
  journal={Advances in neural information processing systems},
  volume={30},
  year={2017}
}
@misc{uvr,
  author = {Ultimate Vocal Remover},
  howpublished = "\url{https://ultimatevocalremover.com/}",
}
@inproceedings{CLIP,
  title={Learning transferable visual models from natural language supervision},
  author={Radford, Alec and Kim, Jong Wook and Hallacy, Chris and Ramesh, Aditya and Goh, Gabriel and Agarwal, Sandhini and Sastry, Girish and Askell, Amanda and Mishkin, Pamela and Clark, Jack and others},
  booktitle={International conference on machine learning},
  pages={8748--8763},
  year={2021},
  organization={PMLR}
}

@article{Bert,
  title={Bert: Pre-training of deep bidirectional transformers for language understanding},
  author={Devlin, Jacob and Chang, Ming-Wei and Lee, Kenton and Toutanova, Kristina},
  journal={arXiv preprint arXiv:1810.04805},
  year={2018}
}

@article{word2vec,
  title={word2vec Explained: deriving Mikolov et al.'s negative-sampling word-embedding method},
  author={Goldberg, Yoav and Levy, Omer},
  journal={arXiv preprint arXiv:1402.3722},
  year={2014}
}