@inproceedings{r1,
  title={Complex networks from time series: Capturing dynamics},
  author={Small, Michael},
  booktitle={2013 IEEE International Symposium on Circuits and Systems (ISCAS)},
  pages={2509--2512},
  year={2013},
  organization={IEEE}
}

@incollection{r2,
  title={Detecting strange attractors in turbulence},
  author={Takens, Floris},
  booktitle={Dynamical systems and turbulence, Warwick 1980},
  pages={366--381},
  year={1981},
  publisher={Springer}
}

@article{r3,
  title={Ergodic theory of chaos and strange attractors},
  author={Eckmann, J-P and Ruelle, David},
  journal={The Theory of Chaotic Attractors},
  pages={273--312},
  year={1985},
  publisher={Springer}
}

@article{r4,
  title={False neighbors and false strands: A reliable minimum embedding dimension algorithm},
  author={Kennel, Matthew B and Abarbanel, Henry DI},
  journal={Physical Review E},
  volume={66},
  number={2},
  pages={026209},
  year={2002},
  publisher={APS}
}

@article{r5,
  title={Characterization of strange attractors},
  author={Grassberger, Peter and Procaccia, Itamar},
  journal={Physical Review Letters},
  volume={50},
  number={5},
  pages={346},
  year={1983},
  publisher={APS}
}

@article{r6,
  title={Extracting qualitative dynamics from experimental data},
  author={Broomhead, David S and King, Gregory P},
  journal={Physica D: Nonlinear Phenomena},
  volume={20},
  number={2-3},
  pages={217--236},
  year={1986},
  publisher={Elsevier}
}

@article{r7,
  title={Determining embedding dimension for phase-space reconstruction using a geometrical construction},
  author={Kennel, Matthew B and Brown, Reggie and Abarbanel, Henry DI},
  journal={Physical Review A},
  volume={45},
  number={6},
  pages={3403},
  year={1992},
  publisher={APS}
}

@article{r8,
  title={Nonlinear forecasting as a way of distinguishing chaos from measurement error in time series},
  author={Sugihara, George and May, Robert M},
  journal={Nature},
  volume={344},
  number={6268},
  pages={734--741},
  year={1990},
  publisher={Nature Publishing Group}
}

@article{r9,
  title={Multiscale ordinal network analysis of human cardiac dynamics},
  author={McCullough, M and Small, M and Iu, HHC and Stemler, T},
  journal={Phil. Trans. R. Soc. A},
  volume={375},
  number={2096},
  pages={20160292},
  year={2017},
  publisher={The Royal Society Publishing}
}

@article{r10,
  title={Permutation entropy and information recovery in nonlinear dynamic economic time series},
  author={Henry, Miguel and Judge, George},
  journal={Econometrics},
  volume={7},
  number={1},
  pages={10},
  year={2019},
  publisher={MDPI}
}

@article{r11,
  title={Distinguishing noise from chaos},
  author={Rosso, Osvaldo A and Larrondo, HA and Martin, Mar{\'\i}a Teresa and Plastino, A and Fuentes, Miguel A},
  journal={Physical Review Letters},
  volume={99},
  number={15},
  pages={154102},
  year={2007},
  publisher={APS}
}

@article{r12,
  title={Complex network from pseudoperiodic time series: Topology versus dynamics},
  author={Zhang, Jie and Small, Michael},
  journal={Physical Review Letters},
  volume={96},
  number={23},
  pages={238701},
  year={2006},
  publisher={APS}
}

@article{r13,
  title={From time series to complex networks: The visibility graph},
  author={Lacasa, Lucas and Luque, Bartolo and Ballesteros, Fernando and Luque, Jordi and Nuno, Juan Carlos},
  journal={Proceedings of the National Academy of Sciences},
  volume={105},
  number={13},
  pages={4972--4975},
  year={2008},
  publisher={National Acad Sciences}
}

@article{r14,
  title={Local expansion concepts for detecting transport barriers in dynamical systems},
  author={Padberg, Kathrin and Thiere, Bianca and Preis, Robert and Dellnitz, Michael},
  journal={Communications in Nonlinear Science and Numerical Simulation},
  volume={14},
  number={12},
  pages={4176--4190},
  year={2009},
  publisher={Elsevier}
}

@article{r15,
  title={Duality between time series and networks},
  author={Campanharo, Andriana SLO and Sirer, M Irmak and Malmgren, R Dean and Ramos, Fernando M and Amaral, Lu{\'\i}s A Nunes},
  journal={PloS One},
  volume={6},
  number={8},
  pages={e23378},
  year={2011},
  publisher={Public Library of Science San Francisco, USA}
}

@inproceedings{r16,
  title={Complex networks from time series: Capturing dynamics},
  author={Small, Michael},
  booktitle={2013 IEEE International Symposium on Circuits and Systems (ISCAS)},
  pages={2509--2512},
  year={2013},
  organization={IEEE}
}


@article{r17,
  title={Permutation entropy: a natural complexity measure for time series},
  author={Bandt, Christoph and Pompe, Bernd},
  journal={Physical Review Letters},
  volume={88},
  number={17},
  pages={174102},
  year={2002},
  publisher={APS}
}

@article{r18,
  title={Reduction of a model of an excitable cell to a one-dimensional map},
  author={Medvedev, Georgi S},
  journal={Physica D: Nonlinear Phenomena},
  volume={202},
  number={1-2},
  pages={37--59},
  year={2005},
  publisher={Elsevier}
}

@article{r19,
  title={Deterministic nonperiodic flow},
  author={Lorenz, Edward N},
  journal={Journal of Atmospheric Sciences},
  volume={20},
  number={2},
  pages={130--141},
  year={1963}
}

@article{r20,
  title={First return map and invariant measures},
  author={Pianigiani, Giulio},
  journal={Israel Journal of Mathematics},
  volume={35},
  number={1},
  pages={32--48},
  year={1980},
  publisher={Springer}
}

@article{r21,
  title={Times-series data augmentation and deep learning for construction equipment activity recognition},
  author={Rashid, Khandakar M and Louis, Joseph},
  journal={Advanced Engineering Informatics},
  volume={42},
  pages={100944},
  year={2019},
  publisher={Elsevier}
}

@article{r22,
  title={Neural network method for determining embedding dimension of a time series},
  author={Maus, A and Sprott, JC},
  journal={communications in nonlinear science and numerical simulation},
  volume={16},
  number={8},
  pages={3294--3302},
  year={2011},
  publisher={Elsevier}
}

@article{r23,
  title={Markov modeling via ordinal partitions: An alternative paradigm for network-based time-series analysis},
  author={Sakellariou, Konstantinos and Stemler, Thomas and Small, Michael},
  journal={Physical Review E},
  volume={100},
  number={6},
  pages={062307},
  year={2019},
  publisher={APS}
}

@article{r24,
  title={Complex network-based time series analysis},
  author={Yang, Yue and Yang, Huijie},
  journal={Physica A: Statistical Mechanics and its Applications},
  volume={387},
  number={5-6},
  pages={1381--1386},
  year={2008},
  publisher={Elsevier}
}

@article{r25,
  title={Particularities and commonalities of singular spectrum analysis as a method of time series analysis and signal processing},
  author={Golyandina, Nina},
  journal={Wiley Interdisciplinary Reviews: Computational Statistics},
  volume={12},
  number={4},
  pages={e1487},
  year={2020},
  publisher={Wiley Online Library}
}

@article{r26,
  title={Stochastic neural networks for cryptocurrency price prediction},
  author={Jay, Patel and Kalariya, Vasu and Parmar, Pushpendra and Tanwar, Sudeep and Kumar, Neeraj and Alazab, Mamoun},
  journal={Ieee access},
  volume={8},
  pages={82804--82818},
  year={2020},
  publisher={IEEE}
}

@article{r27,
  title={A survey of methods for time series change point detection},
  author={Aminikhanghahi, Samaneh and Cook, Diane J},
  journal={Knowledge and information systems},
  volume={51},
  number={2},
  pages={339--367},
  year={2017},
  publisher={Springer}
}

@article{r28,
  title={Nonlinear time-series analysis revisited},
  author={Bradley, Elizabeth and Kantz, Holger},
  journal={Chaos: An Interdisciplinary Journal of Nonlinear Science},
  volume={25},
  number={9},
  pages={097610},
  year={2015},
  publisher={AIP Publishing LLC}
}

@book{r29,
  title={Applied nonlinear time series analysis: applications in physics, physiology and finance},
  author={Small, Michael},
  volume={52},
  year={2005},
  publisher={World Scientific}
}

@article{r30,
  title={Superfamily phenomena and motifs of networks induced from time series},
  author={Xu, Xiaoke and Zhang, Jie and Small, Michael},
  journal={Proceedings of the National Academy of Sciences},
  volume={105},
  number={50},
  pages={19601--19605},
  year={2008},
  publisher={National Acad Sciences}
}

@article{r31,
  title={131. Induced Measure Preserving Transformations},
  author={Kakutani, Shizuo},
  journal={Proceedings of the Imperial Academy},
  volume={19},
  number={10},
  pages={635--641},
  year={1943},
  publisher={The Japan Academy}
}

@article{r32,
  title={Reduction of a model of an excitable cell to a one-dimensional map},
  author={Medvedev, Georgi S},
  journal={Physica D: Nonlinear Phenomena},
  volume={202},
  number={1-2},
  pages={37--59},
  year={2005},
  publisher={Elsevier}
}

@book{r33,
  title={Nonlinear oscillations, dynamical systems, and bifurcations of vector fields},
  author={Guckenheimer, John and Holmes, Philip},
  volume={42},
  year={2013},
  publisher={Springer Science \& Business Media}
}

@article{r34,
  title={Complex networks: Structure and dynamics},
  author={Boccaletti, Stefano and Latora, Vito and Moreno, Yamir and Chavez, Martin and Hwang, D-U},
  journal={Physics reports},
  volume={424},
  number={4-5},
  pages={175--308},
  year={2006},
  publisher={Elsevier}
}

@article{r35,
  title={A new method of determining the optimal embedding dimension based on nonlinear prediction},
  author={Qing-Fang, Meng and Yu-Hua, Peng and Pei-Jun, Xue},
  journal={Chinese Physics},
  volume={16},
  number={5},
  pages={1252},
  year={2007},
  publisher={IOP Publishing}
}

@incollection{r36,
  title={Detecting strange attractors in turbulence},
  author={Takens, Floris},
  booktitle={Dynamical systems and turbulence, Warwick 1980},
  pages={366--381},
  year={1981},
  publisher={Springer}
}


@article{r37,
  title={Characterization of strange attractors},
  author={Grassberger, Peter and Procaccia, Itamar},
  journal={Physical Review Letters},
  volume={50},
  number={5},
  pages={346},
  year={1983},
  publisher={APS}
}

@article{r38,
  title={Extracting qualitative dynamics from experimental data},
  author={Broomhead, David S and King, Gregory P},
  journal={Physica D: Nonlinear Phenomena},
  volume={20},
  number={2-3},
  pages={217--236},
  year={1986},
  publisher={Elsevier}
}

@article{r39,
  title={Determining embedding dimension for phase-space reconstruction using a geometrical construction},
  author={Kennel, Matthew B and Brown, Reggie and Abarbanel, Henry DI},
  journal={Physical Review A},
  volume={45},
  number={6},
  pages={3403},
  year={1992},
  publisher={APS}
}

@article{r40,
  title={Nonlinear forecasting as a way of distinguishing chaos from measurement error in time series},
  author={Sugihara, George and May, Robert M},
  journal={Nature},
  volume={344},
  number={6268},
  pages={734--741},
  year={1990},
  publisher={Nature Publishing Group}
}

@article{r41,
  title={Complex network from pseudoperiodic time series: Topology versus dynamics},
  author={Zhang, Jie and Small, Michael},
  journal={Physical review letters},
  volume={96},
  number={23},
  pages={238701},
  year={2006},
  publisher={APS}
}

@article{r43,
  title={Nonlinear dynamics, delay times, and embedding windows},
  author={Kim, H\_S and Eykholt, R and Salas, JD},
  journal={Physica D: Nonlinear Phenomena},
  volume={127},
  number={1-2},
  pages={48--60},
  year={1999},
  publisher={Elsevier}
}

@article{r44,
  title={Non-existence of global transverse Poincar{\'e} sections},
  author={Braddell, Roisin},
  journal={Journal of Geometry and Physics},
  volume={165},
  pages={104168},
  year={2021},
  publisher={Elsevier}
}