
% Journals

% First the Full Name is given, then the abbreviation used in the AMS Math
% Reviews, with an indication if it could not be found there.
% Note the 2nd overwrites the 1st, so swap them if you want the full name.

 %{AMS}
 @String{AMSTrans = "American Mathematical Society Translations" }
 @String{AMSTrans = "Amer. Math. Soc. Transl." }
 @String{BullAMS = "Bulletin of the American Mathematical Society" }
 @String{BullAMS = "Bull. Amer. Math. Soc." }
 @String{ProcAMS = "Proceedings of the American Mathematical Society" }
 @String{ProcAMS = "Proc. Amer. Math. Soc." }
 @String{TransAMS = "Transactions of the American Mathematical Society" }
 @String{TransAMS = "Trans. Amer. Math. Soc." }

 %ACM
 @String{CACM = "Communications of the {ACM}" }
 @String{CACM = "Commun. {ACM}" }
 @String{CompServ = "Comput. Surveys" }
 @String{JACM = "J. ACM" }
 @String{ACMMathSoft = "{ACM} Transactions on Mathematical Software" }
 @String{ACMMathSoft = "{ACM} Trans. Math. Software" }
 @String{SIGNUM = "{ACM} {SIGNUM} Newsletter" }
 @String{SIGNUM = "{ACM} {SIGNUM} Newslett." }

 @String{AmerSocio = "American Journal of Sociology" }
 @String{AmerStatAssoc = "Journal of the American Statistical Association" }
 @String{AmerStatAssoc = "J. Amer. Statist. Assoc." }
 @String{ApplMathComp = "Applied Mathematics and Computation" }
 @String{ApplMathComp = "Appl. Math. Comput." }
 @String{AmerMathMonthly = "American Mathematical Monthly" }
 @String{AmerMathMonthly = "Amer. Math. Monthly" }
 @String{BIT = "{BIT}" }
 @String{BritStatPsych = "British Journal of Mathematical and Statistical
          Psychology" }
 @String{BritStatPsych = "Brit. J. Math. Statist. Psych." }
 @String{CanMathBull = "Canadian Mathematical Bulletin" }
 @String{CanMathBull = "Canad. Math. Bull." }
 @String{CompApplMath = "Journal of Computational and Applied Mathematics" }
 @String{CompApplMath = "J. Comput. Appl. Math." }
 @String{CompPhys = "Journal of Computational Physics" }
 @String{CompPhys = "J. Comput. Phys." }
 @String{CompStruct = "Computers and Structures" }
 @String{CompStruct = "Comput. \& Structures" }
 @String{CompJour = "The Computer Journal" }
 @String{CompJour = "Comput. J." }
 @String{CompSysSci = "Journal of Computer and System Sciences" }
 @String{CompSysSci = "J. Comput. System Sci." }
 @String{Computing = "Computing" }
 @String{ContempMath = "Contemporary Mathematics" }
 @String{ContempMath = "Contemp. Math." }
 @String{Crelle = "Crelle's Journal" }
 @String{GiornaleMath = "Giornale di Mathematiche" }
 @String{GiornaleMath = "Giorn. Mat." } % didn't find in AMS MR., ibid.

 %IEEE
 @String{Computer = "{IEEE} Computer" }
 @String{IEEETransComp = "{IEEE} Transactions on Computers" }
 @String{IEEETransComp = "{IEEE} Trans. Comput." }
 @String{IEEETransAC = "{IEEE} Transactions on Automatic Control" }
 @String{IEEETransAC = "{IEEE} Trans. Automat. Control" }
 @String{IEEESpec = "{IEEE} Spectrum" } % didn't find in AMS MR
 @String{ProcIEEE = "Proceedings of the {IEEE}" }
 @String{ProcIEEE = "Proc. {IEEE}" } % didn't find in AMS MR
 @String{IEEETransAeroElec = "{IEEE} Transactions on Aerospace and Electronic
     Systems" }
 @String{IEEETransAeroElec = "{IEEE} Trans. Aerospace Electron. Systems" }

 @String{IMANumerAna = "{IMA} Journal of Numerical Analysis" }
 @String{IMANumerAna = "{IMA} J. Numer. Anal." }
 @String{InfProcLet = "Information Processing Letters" }
 @String{InfProcLet = "Inform. Process. Lett." }
 @String{InstMathApp = "Journal of the Institute of Mathematics and
     its Applications" }
 @String{InstMathApp = "J. Inst. Math. Appl." }
 @String{IntControl = "International Journal of Control" }
 @String{IntControl = "Internat. J. Control" }
 @String{IntNumerEng = "International Journal for Numerical Methods in
     Engineering" }
 @String{IntNumerEng = "Internat. J. Numer. Methods Engrg." }
 @String{IntSuper = "International Journal of Supercomputing Applications" }
 @String{IntSuper = "Internat. J. Supercomputing Applic." } % didn't find
%% in AMS MR
 @String{Kibernetika = "Kibernetika" }
 @String{JResNatBurStand = "Journal of Research of the National Bureau
     of Standards" }
 @String{JResNatBurStand = "J. Res. Nat. Bur. Standards" }
 @String{LinAlgApp = "Linear Algebra and its Applications" }
 @String{LinAlgApp = "Linear Algebra Appl." }
 @String{MathAnaAppl = "Journal of Mathematical Analysis and Applications" }
 @String{MathAnaAppl = "J. Math. Anal. Appl." }
 @String{MathAnnalen = "Mathematische Annalen" }
 @String{MathAnnalen = "Math. Ann." }
 @String{MathPhys = "Journal of Mathematical Physics" }
 @String{MathPhys = "J. Math. Phys." }
 @String{MathComp = "Mathematics of Computation" }
 @String{MathComp = "Math. Comp." }
 @String{MathScand = "Mathematica Scandinavica" }
 @String{MathScand = "Math. Scand." }
 @String{TablesAidsComp = "Mathematical Tables and Other Aids to Computation" }
 @String{TablesAidsComp = "Math. Tables Aids Comput." }
 @String{NumerMath = "Numerische Mathematik" }
 @String{NumerMath = "Numer. Math." }
 @String{PacificMath = "Pacific Journal of Mathematics" }
 @String{PacificMath = "Pacific J. Math." }
 @String{ParDistComp = "Journal of Parallel and Distributed Computing" }
 @String{ParDistComp = "J. Parallel and Distrib. Comput." } % didn't find
%% in AMS MR
 @String{ParComputing = "Parallel Computing" }
 @String{ParComputing = "Parallel Comput." }
 @String{PhilMag = "Philosophical Magazine" }
 @String{PhilMag = "Philos. Mag." }
 @String{ProcNAS = "Proceedings of the National Academy of Sciences
                    of the USA" }
 @String{ProcNAS = "Proc. Nat. Acad. Sci. U. S. A." }
 @String{Psychometrika = "Psychometrika" }
 @String{QuartMath = "Quarterly Journal of Mathematics, Oxford, Series (2)" }
 @String{QuartMath = "Quart. J. Math. Oxford Ser. (2)" }
 @String{QuartApplMath = "Quarterly of Applied Mathematics" }
 @String{QuartApplMath = "Quart. Appl. Math." }
 @String{RevueInstStat = "Review of the International Statisical Institute" }
 @String{RevueInstStat = "Rev. Inst. Internat. Statist." }

 %SIAM
 @String{JSIAM = "Journal of the Society for Industrial and Applied
     Mathematics" }
 @String{JSIAM = "J. Soc. Indust. Appl. Math." }
 @String{JSIAMB = "Journal of the Society for Industrial and Applied
     Mathematics, Series B, Numerical Analysis" }
 @String{JSIAMB = "J. Soc. Indust. Appl. Math. Ser. B Numer. Anal." }
 @String{SIAMAlgMeth = "{SIAM} Journal on Algebraic and Discrete Methods" }
 @String{SIAMAlgMeth = "{SIAM} J. Algebraic Discrete Methods" }
 @String{SIAMAppMath = "{SIAM} Journal on Applied Mathematics" }
 @String{SIAMAppMath = "{SIAM} J. Appl. Math." }
 @String{SIAMComp = "{SIAM} Journal on Computing" }
 @String{SIAMComp = "{SIAM} J. Comput." }
 @String{SIAMMatrix = "{SIAM} Journal on Matrix Analysis and Applications" }
 @String{SIAMMatrix = "{SIAM} J. Matrix Anal. Appl." }
 @String{SIAMNumAnal = "{SIAM} Journal on Numerical Analysis" }
 @String{SIAMNumAnal = "{SIAM} J. Numer. Anal." }
 @String{SIAMReview = "{SIAM} Review" }
 @String{SIAMReview = "{SIAM} Rev." }
 @String{SIAMSciStat = "{SIAM} Journal on Scientific and Statistical
     Computing" }
 @String{SIAMSciStat = "{SIAM} J. Sci. Statist. Comput." }

 @String{SoftPracExp = "Software Practice and Experience" }
 @String{SoftPracExp = "Software Prac. Experience" } % didn't find in AMS MR
 @String{StatScience = "Statistical Science" }
 @String{StatScience = "Statist. Sci." }
 @String{Techno = "Technometrics" }
 @String{USSRCompMathPhys = "{USSR} Computational Mathematics and Mathematical
     Physics" }
 @String{USSRCompMathPhys = "{U. S. S. R.} Comput. Math. and Math. Phys." }
 @String{VLSICompSys = "Journal of {VLSI} and Computer Systems" }
 @String{VLSICompSys = "J. {VLSI} Comput. Syst." }
 @String{ZAngewMathMech = "Zeitschrift fur Angewandte Mathematik und
     Mechanik" }
 @String{ZAngewMathMech = "Z. Angew. Math. Mech." }
 @String{ZAngewMathPhys = "Zeitschrift fur Angewandte Mathematik und Physik" }
 @String{ZAngewMathPhys = "Z. Angew. Math. Phys." }

% Publishers % ================================================= |

 @String{Academic = "Academic Press" }
 @String{ACMPress = "{ACM} Press" }
 @String{AdamHilger = "Adam Hilger" }
 @String{AddisonWesley = "Addison-Wesley" }
 @String{AllynBacon = "Allyn and Bacon" }
 @String{AMS = "American Mathematical Society" }
 @String{Birkhauser = "Birkha{\"u}ser" }
 @String{CambridgePress = "Cambridge University Press" }
 @String{Chelsea = "Chelsea" }
 @String{ClaredonPress = "Claredon Press" }
 @String{DoverPub = "Dover Publications" }
 @String{Eyolles = "Eyolles" }
 @String{HoltRinehartWinston = "Holt, Rinehart and Winston" }
 @String{Interscience = "Interscience" }
 @String{JohnsHopkinsPress = "The Johns Hopkins University Press" }
 @String{JohnWileySons = "John Wiley and Sons" }
 @String{Macmillan = "Macmillan" }
 @String{MathWorks = "The Math Works Inc." }
 @String{McGrawHill = "McGraw-Hill" }
 @String{NatBurStd = "National Bureau of Standards" }
 @String{NorthHolland = "North-Holland" }
 @String{OxfordPress = "Oxford University Press" }  %address Oxford or London?
 @String{PergamonPress = "Pergamon Press" }
 @String{PlenumPress = "Plenum Press" }
 @String{PrenticeHall = "Prentice-Hall" }
 @String{SIAMPub = "{SIAM} Publications" }
 @String{Springer = "Springer-Verlag" }
 @String{TexasPress = "University of Texas Press" }
 @String{VanNostrand = "Van Nostrand" }
 @String{WHFreeman = "W. H. Freeman and Co." }

%Entries

% Long form of conference & journal abbreviations -- especially for camera ready
@String(PAMI  = {IEEE Trans. Pattern Anal. Mach. Intell.})
@String(IJCV  = {Int. J. Comput. Vis.})
@String(CVPR  = {IEEE Conf. Comput. Vis. Pattern Recog.})
@String(ICCV  = {Int. Conf. Comput. Vis.})
@String(ECCV  = {Eur. Conf. Comput. Vis.})
@String(NeurIPS = {Adv. Neural Inform. Process. Syst.})
@String(ICML  = {Int. Conf. Mach. Learn.})
@String(ICLR  = {Int. Conf. Learn. Represent.})
@String(ACCV  = {Asian Conf. Comput. Vis.})
@String(BMVC  = {Brit. Mach. Vis. Conf.})
@String(CVPRW = {IEEE Conf. Comput. Vis. Pattern Recog. Worksh.})
@String(AAAI  = {AAAI})
@String(IJCAI = {IJCAI})
@String(ICIP  = {IEEE Int. Conf. Image Process.})
@String(ICPR  = {Int. Conf. Pattern Recog.})
@String(ICASSP=	{ICASSP})
@String(ICME  = {Int. Conf. Multimedia and Expo})
@String(JMLR  = {J. Mach. Learn. Res.})
@String(TMLR  = {Trans. Mach. Learn Res.})
@String(TOG   = {ACM Trans. Graph.})
@String(TIP   = {IEEE Trans. Image Process.})
@String(TVCG  = {IEEE Trans. Vis. Comput. Graph.})
@String(TCSVT = {IEEE Trans. Circuit Syst. Video Technol.})
@String(TMM   = {IEEE Trans. Multimedia})
@String(ACMMM = {ACM Int. Conf. Multimedia})
@String(PR    = {Pattern Recognition})

@String(MNI	  = {Nature Mach. Intell.})
@String(SPL	  = {IEEE Sign. Process. Letters})
@String(VR    = {Vis. Res.})
@String(JOV	  = {J. Vis.})
@String(TVC   = {The Vis. Comput.})
@String(JCST  = {J. Comput. Sci. Tech.})
@String(CGF   = {Comput. Graph. Forum})
@String(CVM   = {Computational Visual Media})


% Short form of conference & journal abbreviations -- especially for submission version
% if desired, remove these macros in favor of the above ones
@String(PAMI  = {IEEE TPAMI})
@String(IJCV  = {IJCV})
@String(CVPR  = {CVPR})
@String(ICCV  = {ICCV})
@String(ECCV  = {ECCV})
@String(NeurIPS = {NeurIPS})
@String(ICML  = {ICML})
@String(ICLR  = {ICLR})
@String(ACCV  = {ACCV})
@String(BMVC  =	{BMVC})
@String(CVPRW = {CVPRW})
@String(AAAI  = {AAAI})
@String(IJCAI = {IJCAI})
@String(ICIP  = {ICIP})
@String(ICPR  = {ICPR})
@String(ICASSP=	{ICASSP})
@String(ICME  =	{ICME})
@String(JMLR  = {JMLR})
@String(TMLR  = {TMLR})
@String(TOG   = {ACM TOG})
@String(TIP   = {IEEE TIP})
@String(TVCG  = {IEEE TVCG})
@String(TCSVT = {IEEE TCSVT})
@String(TMM   =	{IEEE TMM})
@String(ACMMM = {ACM MM})
@String(PR    = {PR})

@article{vaswani2017attention,
  title={Attention is all you need},
  author={Vaswani, Ashish and Shazeer, Noam and Parmar, Niki and Uszkoreit, Jakob and Jones, Llion and Gomez, Aidan N and Kaiser, {\L}ukasz and Polosukhin, Illia},
  journal={Advances in neural information processing systems},
  volume={30},
  year={2017}
}


%%%%%%%%%%%%%%%%%%%%%%%%%%%%%%%%%%%%%%%
% Diffusion Models
%%%%%%%%%%%%%%%%%%%%%%%%%%%%%%%%%%%%%%%

@inproceedings{sohl2015deep,
  title={Deep unsupervised learning using nonequilibrium thermodynamics},
  author={Sohl-Dickstein, Jascha and Weiss, Eric and Maheswaranathan, Niru and Ganguli, Surya},
  booktitle={International Conference on Machine Learning (ICML)},
  pages={2256--2265},
  year={2015},
  organization={PMLR}
}


@inproceedings{DDPM,
    title={Denoising diffusion probabilistic models},
    author={Ho, Jonathan and Jain, Ajay and Abbeel, Pieter},
    booktitle={Advances in Neural Information Processing Systems (NeurIPS)},
    volume={33},
    pages={6840--6851},
    year={2020}
}

@inproceedings{nichol2021improved,
  title={Improved denoising diffusion probabilistic models},
  author={Nichol, Alexander Quinn and Dhariwal, Prafulla},
  booktitle={International Conference on Machine Learning (ICML)},
  pages={8162--8171},
  year={2021},
  organization={PMLR}
}

@inproceedings{song2020score,
    author    = {Yang Song and
               Jascha Sohl{-}Dickstein and
               Diederik P. Kingma and
               Abhishek Kumar and
               Stefano Ermon and
               Ben Poole},
    title     = {Score-Based Generative Modeling through Stochastic Differential Equations},
    booktitle = {In International Conference on Learning Representations (ICLR)},
    year      = {2021},
}

@inproceedings{diffusion_beat_gans,
    title={Diffusion Models Beat {GAN}s on Image Synthesis},
    author={Prafulla Dhariwal and Alexander Quinn Nichol},
    booktitle={Advances in Neural Information Processing Systems},
    editor={A. Beygelzimer and Y. Dauphin and P. Liang and J. Wortman Vaughan},
    year={2021},
}


@inproceedings{DDIM,
    author    = {Jiaming Song and
               Chenlin Meng and
               Stefano Ermon},
    title     = {Denoising Diffusion Implicit Models},
    booktitle = {In International Conference on Learning Representations (ICLR)},
    year      = {2021},
}


%%%%%%%%%%%%%%%%%%%%%%%%%%%%%%%%%%%%%%%
% Text2Image
%%%%%%%%%%%%%%%%%%%%%%%%%%%%%%%%%%%%%%%
@inproceedings{ldm,
  title={High-resolution image synthesis with latent diffusion models},
  author={Rombach, Robin and Blattmann, Andreas and Lorenz, Dominik and Esser, Patrick and Ommer, Bj{\"o}rn},
  booktitle={CVPR},
  year={2022}
}
@article{sdxl,
  title={Sdxl: Improving latent diffusion models for high-resolution image synthesis},
  author={Podell, Dustin and English, Zion and Lacey, Kyle and Blattmann, Andreas and Dockhorn, Tim and M{\"u}ller, Jonas and Penna, Joe and Rombach, Robin},
  journal={arXiv preprint:2307.01952},
  year={2023}
}

@article{DALLE-2,
  title={Hierarchical text-conditional image generation with clip latents},
  author={Ramesh, Aditya and Dhariwal, Prafulla and Nichol, Alex and Chu, Casey and Chen, Mark},
  journal={arXiv preprint:2204.06125},
  volume={1},
  number={2},
  pages={3},
  year={2022}
}

@article{imagen,
  title={Photorealistic text-to-image diffusion models with deep language understanding},
  author={Saharia, Chitwan and Chan, William and Saxena, Saurabh and Li, Lala and Whang, Jay and Denton, Emily L and Ghasemipour, Kamyar and Gontijo Lopes, Raphael and Karagol Ayan, Burcu and Salimans, Tim and others},
  journal={Advances in Neural Information Processing Systems},
  volume={35},
  pages={36479--36494},
  year={2022}
}

@article{GLIDE,
  title={Glide: Towards photorealistic image generation and editing with text-guided diffusion models},
  author={Nichol, Alex and Dhariwal, Prafulla and Ramesh, Aditya and Shyam, Pranav and Mishkin, Pamela and McGrew, Bob and Sutskever, Ilya and Chen, Mark},
  journal={arXiv preprint:2112.10741},
  year={2021}
}

%%%%%%%%%%%%%%%%%%%%%%%%%%%%%%%%%%%%%%%
% Text2Image controllable generation
%%%%%%%%%%%%%%%%%%%%%%%%%%%%%%%%%%%%%%%

@article{TI,
  title={An image is worth one word: Personalizing text-to-image generation using textual inversion},
  author={Gal, Rinon and Alaluf, Yuval and Atzmon, Yuval and Patashnik, Or and Bermano, Amit H and Chechik, Gal and Cohen-Or, Daniel},
  journal={arXiv preprint:2208.01618},
  year={2022}
}


@inproceedings{dreambooth,
  title={Dreambooth: Fine tuning text-to-image diffusion models for subject-driven generation},
  author={Ruiz, Nataniel and Li, Yuanzhen and Jampani, Varun and Pritch, Yael and Rubinstein, Michael and Aberman, Kfir},
  booktitle={Proceedings of the IEEE/CVF Conference on Computer Vision and Pattern Recognition},
  pages={22500--22510},
  year={2023}
}

@article{t2iadapter,
  title={T2i-adapter: Learning adapters to dig out more controllable ability for text-to-image diffusion models},
  author={Mou, Chong and Wang, Xintao and Xie, Liangbin and Zhang, Jian and Qi, Zhongang and Shan, Ying and Qie, Xiaohu},
  journal={arXiv preprint:2302.08453},
  year={2023}
}

@inproceedings{controlnet,
  title={Adding conditional control to text-to-image diffusion models},
  author={Zhang, Lvmin and Rao, Anyi and Agrawala, Maneesh},
  booktitle={Proceedings of the IEEE/CVF International Conference on Computer Vision},
  pages={3836--3847},
  year={2023}
}

@inproceedings{gligen,
  title={Gligen: Open-set grounded text-to-image generation},
  author={Li, Yuheng and Liu, Haotian and Wu, Qingyang and Mu, Fangzhou and Yang, Jianwei and Gao, Jianfeng and Li, Chunyuan and Lee, Yong Jae},
  booktitle={Proceedings of the IEEE/CVF Conference on Computer Vision and Pattern Recognition},
  pages={22511--22521},
  year={2023}
}

@article{composer,
  title={Composer: Creative and controllable image synthesis with composable conditions},
  author={Huang, Lianghua and Chen, Di and Liu, Yu and Shen, Yujun and Zhao, Deli and Zhou, Jingren},
  journal={arXiv preprint:2302.09778},
  year={2023}
}


%%%%%%%%%%%%%%%%%%%%%%%%%%%%%%%%%%%%%%%
% Text-to-Video Generation
%%%%%%%%%%%%%%%%%%%%%%%%%%%%%%%%%%%%%%%

@inproceedings{wu2022nuwa,
  title={N{\"u}wa: Visual synthesis pre-training for neural visual world creation},
  author={Wu, Chenfei and Liang, Jian and Ji, Lei and Yang, Fan and Fang, Yuejian and Jiang, Daxin and Duan, Nan},
  booktitle={European conference on computer vision},
  pages={720--736},
  year={2022},
  organization={Springer}
}

@article{villegas2022phenaki,
  title={Phenaki: Variable length video generation from open domain textual description},
  author={Villegas, Ruben and Babaeizadeh, Mohammad and Kindermans, Pieter-Jan and Moraldo, Hernan and Zhang, Han and Saffar, Mohammad Taghi and Castro, Santiago and Kunze, Julius and Erhan, Dumitru},
  journal={arXiv preprint:2210.02399},
  year={2022}
}

@article{ho2022video,
title={Video diffusion models},
author={Ho, Jonathan and Salimans, Tim and Gritsenko, Alexey and Chan, William and Norouzi, Mohammad and Fleet, David J},
journal={arXiv:2204.03458},
year={2022}}
}

@article{ho2022imagen,
  title={Imagen video: High definition video generation with diffusion models},
  author={Ho, Jonathan and Chan, William and Saharia, Chitwan and Whang, Jay and Gao, Ruiqi and Gritsenko, Alexey and Kingma, Diederik P and Poole, Ben and Norouzi, Mohammad and Fleet, David J and others},
  journal={arXiv preprint:2210.02303},
  year={2022}
}

@article{hong2022cogvideo,
  title={Cogvideo: Large-scale pretraining for text-to-video generation via transformers},
  author={Hong, Wenyi and Ding, Ming and Zheng, Wendi and Liu, Xinghan and Tang, Jie},
  journal={arXiv preprint:2205.15868},
  year={2022}
}

@article{ding2022cogview2,
  title={Cogview2: Faster and better text-to-image generation via hierarchical transformers},
  author={Ding, Ming and Zheng, Wendi and Hong, Wenyi and Tang, Jie},
  journal={Advances in Neural Information Processing Systems},
  volume={35},
  pages={16890--16902},
  year={2022}
}

@article{make-a-video,
  title={Make-a-video: Text-to-video generation without text-video data},
  author={Singer, Uriel and Polyak, Adam and Hayes, Thomas and Yin, Xi and An, Jie and Zhang, Songyang and Hu, Qiyuan and Yang, Harry and Ashual, Oron and Gafni, Oran and others},
  journal={arXiv preprint:2209.14792},
  year={2022}
}

@article{zhou2022magicvideo,
  title={Magicvideo: Efficient video generation with latent diffusion models},
  author={Zhou, Daquan and Wang, Weimin and Yan, Hanshu and Lv, Weiwei and Zhu, Yizhe and Feng, Jiashi},
  journal={arXiv preprint:2211.11018},
  year={2022}
}

@article{he2022latent,
  title={Latent video diffusion models for high-fidelity video generation with arbitrary lengths},
  author={He, Yingqing and Yang, Tianyu and Zhang, Yong and Shan, Ying and Chen, Qifeng},
  journal={arXiv preprint:2211.13221},
  year={2022}
}

@inproceedings{esser2023structure,
  title={Structure and content-guided video synthesis with diffusion models},
  author={Esser, Patrick and Chiu, Johnathan and Atighehchian, Parmida and Granskog, Jonathan and Germanidis, Anastasis},
  booktitle={Proceedings of the IEEE/CVF International Conference on Computer Vision},
  pages={7346--7356},
  year={2023}
}

@article{wang2024videocomposer,
  title={Videocomposer: Compositional video synthesis with motion controllability},
  author={Wang, Xiang and Yuan, Hangjie and Zhang, Shiwei and Chen, Dayou and Wang, Jiuniu and Zhang, Yingya and Shen, Yujun and Zhao, Deli and Zhou, Jingren},
  journal={Advances in Neural Information Processing Systems},
  volume={36},
  year={2024}
}

@article{ma2023follow,
  title={Follow Your Pose: Pose-Guided Text-to-Video Generation using Pose-Free Videos},
  author={Ma, Yue and He, Yingqing and Cun, Xiaodong and Wang, Xintao and Shan, Ying and Li, Xiu and Chen, Qifeng},
  journal={arXiv preprint:2304.01186},
  year={2023}
}

@article{blattmann2023stable,
  title={Stable video diffusion: Scaling latent video diffusion models to large datasets},
  author={Blattmann, Andreas and Dockhorn, Tim and Kulal, Sumith and Mendelevitch, Daniel and Kilian, Maciej and Lorenz, Dominik and Levi, Yam and English, Zion and Voleti, Vikram and Letts, Adam and others},
  journal={arXiv preprint arXiv:2311.15127},
  year={2023}
}

@article{xing2024tooncrafter,
  title={ToonCrafter: Generative Cartoon Interpolation},
  author={Xing, Jinbo and Liu, Hanyuan and Xia, Menghan and Zhang, Yong and Wang, Xintao and Shan, Ying and Wong, Tien-Tsin},
  journal={arXiv preprint arXiv:2405.17933},
  year={2024}
}

%%%%%%%%%%%%%%%%%%%%%%%%%%%%%%%%%%%%%%%
% Image Style Transfer
%%%%%%%%%%%%%%%%%%%%%%%%%%%%%%%%%%%%%%%


@article{wang2004efficient,
  title={Efficient example-based painting and synthesis of 2d directional texture},
  author={Wang, Bin and Wang, Wenping and Yang, Huaiping and Sun, Jiaguang},
  journal={IEEE Transactions on Visualization and Computer Graphics},
  volume={10},
  number={3},
  pages={266--277},
  year={2004},
  publisher={IEEE}
}

@article{zhang2013style,
  title={Style transfer via image component analysis},
  author={Zhang, Wei and Cao, Chen and Chen, Shifeng and Liu, Jianzhuang and Tang, Xiaoou},
  journal={IEEE Transactions on multimedia},
  volume={15},
  number={7},
  pages={1594--1601},
  year={2013},
  publisher={IEEE}
}

@inproceedings{gatys2016image,
  title={Image style transfer using convolutional neural networks},
  author={Gatys, Leon A and Ecker, Alexander S and Bethge, Matthias},
  booktitle={Proceedings of the IEEE conference on computer vision and pattern recognition},
  pages={2414--2423},
  year={2016}
}

@inproceedings{huang2017arbitrary,
  title={Arbitrary style transfer in real-time with adaptive instance normalization},
  author={Huang, Xun and Belongie, Serge},
  booktitle={Proceedings of the IEEE international conference on computer vision},
  pages={1501--1510},
  year={2017}
}

@article{li2017universal,
  title={Universal style transfer via feature transforms},
  author={Li, Yijun and Fang, Chen and Yang, Jimei and Wang, Zhaowen and Lu, Xin and Yang, Ming-Hsuan},
  journal={Advances in neural information processing systems},
  volume={30},
  year={2017}
}

@inproceedings{liu2021adaattn,
  title={Adaattn: Revisit attention mechanism in arbitrary neural style transfer},
  author={Liu, Songhua and Lin, Tianwei and He, Dongliang and Li, Fu and Wang, Meiling and Li, Xin and Sun, Zhengxing and Li, Qian and Ding, Errui},
  booktitle={Proceedings of the IEEE/CVF international conference on computer vision},
  pages={6649--6658},
  year={2021}
}

@inproceedings{an2021artflow,
  title={Artflow: Unbiased image style transfer via reversible neural flows},
  author={An, Jie and Huang, Siyu and Song, Yibing and Dou, Dejing and Liu, Wei and Luo, Jiebo},
  booktitle={Proceedings of the IEEE/CVF Conference on Computer Vision and Pattern Recognition},
  pages={862--871},
  year={2021}
}

@inproceedings{deng2022stytr2,
  title={Stytr2: Image style transfer with transformers},
  author={Deng, Yingying and Tang, Fan and Dong, Weiming and Ma, Chongyang and Pan, Xingjia and Wang, Lei and Xu, Changsheng},
  booktitle={Proceedings of the IEEE/CVF conference on computer vision and pattern recognition},
  pages={11326--11336},
  year={2022}
}

@inproceedings{zhang2022domain,
  title={Domain enhanced arbitrary image style transfer via contrastive learning},
  author={Zhang, Yuxin and Tang, Fan and Dong, Weiming and Huang, Haibin and Ma, Chongyang and Lee, Tong-Yee and Xu, Changsheng},
  booktitle={ACM SIGGRAPH 2022 Conference Proceedings},
  pages={1--8},
  year={2022}
}

%%%%%%%%%%%%%%%%%%%%%%%%%%%%%%%%%%%%%%%
% Stylized Image Generation
%%%%%%%%%%%%%%%%%%%%%%%%%%%%%%%%%%%%%%%

@inproceedings{zhang2023inversion,
  title={Inversion-based style transfer with diffusion models},
  author={Zhang, Yuxin and Huang, Nisha and Tang, Fan and Huang, Haibin and Ma, Chongyang and Dong, Weiming and Xu, Changsheng},
  booktitle={Proceedings of the IEEE/CVF Conference on Computer Vision and Pattern Recognition},
  pages={10146--10156},
  year={2023}
}

@article{wang2023styleadapter,
  title={StyleAdapter: A Single-Pass LoRA-Free Model for Stylized Image Generation},
  author={Wang, Zhouxia and Wang, Xintao and Xie, Liangbin and Qi, Zhongang and Shan, Ying and Wang, Wenping and Luo, Ping},
  journal={arXiv preprint:2309.01770},
  year={2023}
}


%%%%%%%%%%%%%%%%%%%%%%%%%%%%%%%%%%%%%%%
% Video Style Transfer
%%%%%%%%%%%%%%%%%%%%%%%%%%%%%%%%%%%%%%%
@inproceedings{ruder2016artistic,
  title={Artistic style transfer for videos},
  author={Ruder, Manuel and Dosovitskiy, Alexey and Brox, Thomas},
  booktitle={Pattern Recognition: 38th German Conference, GCPR 2016, Hannover, Germany, September 12-15, 2016, Proceedings 38},
  pages={26--36},
  year={2016},
  organization={Springer}
}

@inproceedings{chen2017coherent,
  title={Coherent online video style transfer},
  author={Chen, Dongdong and Liao, Jing and Yuan, Lu and Yu, Nenghai and Hua, Gang},
  booktitle={Proceedings of the IEEE International Conference on Computer Vision},
  pages={1105--1114},
  year={2017}
}

@inproceedings{gao2020fast,
  title={Fast video multi-style transfer},
  author={Gao, Wei and Li, Yijun and Yin, Yihang and Yang, Ming-Hsuan},
  booktitle={Proceedings of the IEEE/CVF winter conference on applications of computer vision},
  pages={3222--3230},
  year={2020}
}

@inproceedings{deng2021arbitrary,
  title={Arbitrary video style transfer via multi-channel correlation},
  author={Deng, Yingying and Tang, Fan and Dong, Weiming and Huang, Haibin and Ma, Chongyang and Xu, Changsheng},
  booktitle={Proceedings of the AAAI Conference on Artificial Intelligence},
  volume={35},
  number={2},
  pages={1210--1217},
  year={2021}
}

@article{guo2023animatediff,
  title={Animatediff: Animate your personalized text-to-image diffusion models without specific tuning},
  author={Guo, Yuwei and Yang, Ceyuan and Rao, Anyi and Wang, Yaohui and Qiao, Yu and Lin, Dahua and Dai, Bo},
  journal={In International Conference on Learning Representations (ICLR)},
  year={2024}
}


%%%%%%%%%%%%%%%%%%%%%%%%%%%%%%%%%%%%%%%
% Video Edit
%%%%%%%%%%%%%%%%%%%%%%%%%%%%%%%%%%%%%%%


@inproceedings{wu2023tune,
  title={Tune-a-video: One-shot tuning of image diffusion models for text-to-video generation},
  author={Wu, Jay Zhangjie and Ge, Yixiao and Wang, Xintao and Lei, Stan Weixian and Gu, Yuchao and Shi, Yufei and Hsu, Wynne and Shan, Ying and Qie, Xiaohu and Shou, Mike Zheng},
  booktitle={Proceedings of the IEEE/CVF International Conference on Computer Vision},
  pages={7623--7633},
  year={2023}
}

@inproceedings{qi2023fatezero,
  title={Fatezero: Fusing attentions for zero-shot text-based video editing},
  author={Qi, Chenyang and Cun, Xiaodong and Zhang, Yong and Lei, Chenyang and Wang, Xintao and Shan, Ying and Chen, Qifeng},
  booktitle={Proceedings of the IEEE/CVF International Conference on Computer Vision},
  year={2023}
}

@article{khachatryan2023text2video,
  title={Text2video-zero: Text-to-image diffusion models are zero-shot video generators},
  author={Khachatryan, Levon and Movsisyan, Andranik and Tadevosyan, Vahram and Henschel, Roberto and Wang, Zhangyang and Navasardyan, Shant and Shi, Humphrey},
  journal={arXiv preprint:2303.13439},
  year={2023}
}

@article{huang2023style,
  title={Style-A-Video: Agile Diffusion for Arbitrary Text-based Video Style Transfer},
  author={Huang, Nisha and Zhang, Yuxin and Dong, Weiming},
  journal={arXiv preprint:2305.05464},
  year={2023}
}

@inproceedings{yang2023rerender,
title = {Rerender A Video: Zero-Shot Text-Guided Video-to-Video Translation},
author = {Yang, Shuai and Zhou, Yifan and Liu, Ziwei and and Loy, Chen Change},
booktitle = {ACM SIGGRAPH Asia 2023 Conference Proceedings},
year = {2023},
}

@inproceedings{geyer2023tokenflow,
  title={Tokenflow: Consistent diffusion features for consistent video editing},
  author={Geyer, Michal and Bar-Tal, Omer and Bagon, Shai and Dekel, Tali},
  booktitle={In International Conference on Learning Representations (ICLR)},
  year={2024}
}


@inproceedings{hu2022lora,
  author       = {Edward J. Hu and
                  Yelong Shen and
                  Phillip Wallis and
                  Zeyuan Allen{-}Zhu and
                  Yuanzhi Li and
                  Shean Wang and
                  Lu Wang and
                  Weizhu Chen},
  title        = {LoRA: Low-Rank Adaptation of Large Language Models},
  booktitle    = {International Conference on Learning Representations (ICLR)},
  year         = {2022}
}

@article{chen2023videocrafter,
  author       = {Haoxin Chen and
                  Menghan Xia and
                  Yingqing He and
                  Yong Zhang and
                  Xiaodong Cun and
                  Shaoshu Yang and
                  Jinbo Xing and
                  Yaofang Liu and
                  Qifeng Chen and
                  Xintao Wang and
                  Chao Weng and
                  Ying Shan},
  title        = {VideoCrafter1: Open Diffusion Models for High-Quality Video Generation},
  journal      = {preprint arXiv:2310.19512},
  year         = {2023}
}

@article{chen2024videocrafter2,
  title={Videocrafter2: Overcoming data limitations for high-quality video diffusion models},
  author={Chen, Haoxin and Zhang, Yong and Cun, Xiaodong and Xia, Menghan and Wang, Xintao and Weng, Chao and Shan, Ying},
  journal={arXiv preprint arXiv:2401.09047},
  year={2024}
}

@article{wang2023lavie,
  title={LAVIE: High-Quality Video Generation with Cascaded Latent Diffusion Models},
  author={Wang, Yaohui and Chen, Xinyuan and Ma, Xin and Zhou, Shangchen and Huang, Ziqi and Wang, Yi and Yang, Ceyuan and He, Yinan and Yu, Jiashuo and Yang, Peiqing and others},
  journal={arXiv preprint arXiv:2309.15103},
  year={2023}}

@article{wang2023modelscope,
  title={Modelscope text-to-video technical report},
  author={Wang, Jiuniu and Yuan, Hangjie and Chen, Dayou and Zhang, Yingya and Wang, Xiang and Zhang, Shiwei},
  journal={arXiv preprint arXiv:2308.06571},
  year={2023}
}


@article{openai2023gpt4v,
  author       = {OpenAI},
  title        = {GPT-4V(ision) System Card},
  journal      = {Technical report},
  year         = {2023}
}

@inproceedings{radford2021learning,
  title={Learning transferable visual models from natural language supervision},
  author={Radford, Alec and Kim, Jong Wook and Hallacy, Chris and Ramesh, Aditya and Goh, Gabriel and Agarwal, Sandhini and Sastry, Girish and Askell, Amanda and Mishkin, Pamela and Clark, Jack and others},
  booktitle={International Conference on Machine Learning (ICML)},
  year={2021},
}

@article{shi2023instancebooth,
  title={Instantbooth: Personalized text-to-image generation without test-time finetuning},
  author={Shi, Jing and Xiong, Wei and Lin, Zhe and Jung, Hyun Joon},
  journal={arXiv preprint arXiv:2304.03411},
  year={2023}
}
@article{ye2023ipadapter,
  title={IP-Adapter: Text Compatible Image Prompt Adapter for Text-to-Image Diffusion Models},
  author={Ye, Hu and Zhang, Jun and Liu, Sibo and Han, Xiao and Yang, Wei},
  journal={arXiv preprint arXiv:2308.06721},
  year={2023}
}

@inproceedings{li2023blip2,
      title={{BLIP-2:} Bootstrapping Language-Image Pre-training with Frozen Image Encoders and Large Language Models}, 
      author={Junnan Li and Dongxu Li and Silvio Savarese and Steven Hoi},
      year={2023},
      booktitle={ICML},
}

@article{phillips2011wiki,
  title={Wiki Art Gallery, Inc.: A case for critical thinking},
  author={Phillips, Fred and Mackintosh, Brandy},
  journal={Issues in Accounting Education},
  volume={26},
  number={3},
  pages={593--608},
  year={2011},
  publisher={American Accounting Assocation}
}

@article{schuhmann2022laion,
  title={Laion-5b: An open large-scale dataset for training next generation image-text models},
  author={Schuhmann, Christoph and Beaumont, Romain and Vencu, Richard and Gordon, Cade and Wightman, Ross and Cherti, Mehdi and Coombes, Theo and Katta, Aarush and Mullis, Clayton and Wortsman, Mitchell and others},
  journal={Advances in Neural Information Processing Systems},
  volume={35},
  pages={25278--25294},
  year={2022}
}

@inproceedings{customdiffusion,
  title={Multi-concept customization of text-to-image diffusion},
  author={Kumari, Nupur and Zhang, Bingliang and Zhang, Richard and Shechtman, Eli and Zhu, Jun-Yan},
  booktitle={Proceedings of the IEEE/CVF Conference on Computer Vision and Pattern Recognition},
  pages={1931--1941},
  year={2023}
}

@misc{Gen-2,
  title         = {Gen-2},
  author = {Gen-2},
  howpublished  = {\emph{Gen-2}. Accessed Nov. 1, 2023 [Online] \url{https://research.runwayml.com/gen2}},
  url           = "https://research.runwayml.com/gen2",
    year = {2023}
}

@inproceedings{sohn2023styledrop,
  title={StyleDrop: Text-to-Image Generation in Any Style},
  author={Sohn, Kihyuk and Ruiz, Nataniel and Lee, Kimin and Chin, Daniel Castro and Blok, Irina and Chang, Huiwen and Barber, Jarred and Jiang, Lu and Entis, Glenn and Li, Yuanzhen and others},
  booktitle={Advances in Neural Information Processing Systems (NeurIPS)},
  year={2023}
}

@article{he2023animate,
  title={Animate-a-story: Storytelling with retrieval-augmented video generation},
  author={He, Yingqing and Xia, Menghan and Chen, Haoxin and Cun, Xiaodong and Gong, Yuan and Xing, Jinbo and Zhang, Yong and Wang, Xintao and Weng, Chao and Shan, Ying and others},
  journal={arXiv preprint arXiv:2307.06940},
  year={2023}
}


@inproceedings{ahn2023dreamstyler,
  title={DreamStyler: Paint by Style Inversion with Text-to-Image Diffusion Models},
  author={Ahn, Namhyuk and Lee, Junsoo and Lee, Chunggi and Kim, Kunhee and Kim, Daesik and Nam, Seung-Hun and Hong, Kibeom},
  booktitle={Proceedings of the AAAI Conference on Artificial Intelligence},
  year={2023}
}

@article{liu2023evalcrafter,
  title={Evalcrafter: Benchmarking and evaluating large video generation models},
  author={Liu, Yaofang and Cun, Xiaodong and Liu, Xuebo and Wang, Xintao and Zhang, Yong and Chen, Haoxin and Liu, Yang and Zeng, Tieyong and Chan, Raymond and Shan, Ying},
  journal={arXiv preprint arXiv:2310.11440},
  year={2023}
}

@inproceedings{teed2020raft,
  title={Raft: Recurrent all-pairs field transforms for optical flow},
  author={Teed, Zachary and Deng, Jia},
  booktitle={Computer Vision--ECCV 2020: 16th European Conference, Glasgow, UK, August 23--28, 2020, Proceedings, Part II 16},
  pages={402--419},
  year={2020},
  organization={Springer}
}


@inproceedings{park2019arbitrary,
  title={Arbitrary style transfer with style-attentional networks},
  author={Park, Dae Young and Lee, Kwang Hee},
  booktitle={proceedings of the IEEE/CVF conference on computer vision and pattern recognition},
  pages={5880--5888},
  year={2019}
}

@inproceedings{huo2021manifold,
  title={Manifold alignment for semantically aligned style transfer},
  author={Huo, Jing and Jin, Shiyin and Li, Wenbin and Wu, Jing and Lai, Yu-Kun and Shi, Yinghuan and Gao, Yang},
  booktitle={Proceedings of the IEEE/CVF International Conference on Computer Vision},
  pages={14861--14869},
  year={2021}
}

@inproceedings{chen2023tssat,
  title={TSSAT: Two-Stage Statistics-Aware Transformation for Artistic Style Transfer},
  author={Chen, Haibo and Zhao, Lei and Li, Jun and Yang, Jian},
  booktitle={Proceedings of the 31st ACM International Conference on Multimedia},
  pages={6878--6887},
  year={2023}
}

@article{xing2023dynamicrafter,
  title={Dynamicrafter: Animating open-domain images with video diffusion priors},
  author={Xing, Jinbo and Xia, Menghan and Zhang, Yong and Chen, Haoxin and Wang, Xintao and Wong, Tien-Tsin and Shan, Ying},
  journal={arXiv preprint arXiv:2310.12190},
  year={2023}
}

@article{ramesh2022hierarchical,
  title={Hierarchical text-conditional image generation with clip latents},
  author={Ramesh, Aditya and Dhariwal, Prafulla and Nichol, Alex and Chu, Casey and Chen, Mark},
  journal={arXiv preprint arXiv:2204.06125},
  volume={1},
  number={2},
  pages={3},
  year={2022}
}

@inproceedings{wei2023elite,
  title={Elite: Encoding visual concepts into textual embeddings for customized text-to-image generation},
  author={Wei, Yuxiang and Zhang, Yabo and Ji, Zhilong and Bai, Jinfeng and Zhang, Lei and Zuo, Wangmeng},
  booktitle={Proceedings of the IEEE/CVF International Conference on Computer Vision},
  pages={15943--15953},
  year={2023}
}

@inproceedings{bain2021frozen,
  title={Frozen in time: A joint video and image encoder for end-to-end retrieval},
  author={Bain, Max and Nagrani, Arsha and Varol, G{\"u}l and Zisserman, Andrew},
  booktitle={Proceedings of the IEEE/CVF International Conference on Computer Vision},
  pages={1728--1738},
  year={2021}
}

@article{hertz2023style,
  title={Style aligned image generation via shared attention},
  author={Hertz, Amir and Voynov, Andrey and Fruchter, Shlomi and Cohen-Or, Daniel},
  journal={arXiv preprint arXiv:2312.02133},
  year={2023}
}

@article{podell2023sdxl,
  title={Sdxl: Improving latent diffusion models for high-resolution image synthesis},
  author={Podell, Dustin and English, Zion and Lacey, Kyle and Blattmann, Andreas and Dockhorn, Tim and M{\"u}ller, Jonas and Penna, Joe and Rombach, Robin},
  journal={arXiv preprint arXiv:2307.01952},
  year={2023}
}


@article{bousseau2007video,
  title={Video watercolorization using bidirectional texture advection},
  author={Bousseau, Adrien and Neyret, Fabrice and Thollot, Jo{\"e}lle and Salesin, David},
  journal={ACM Transactions on Graphics (ToG)},
  volume={26},
  number={3},
  pages={104--es},
  year={2007},
  publisher={ACM New York, NY, USA}
}

@article{jamrivska2019stylizing,
title={Stylizing video by example},
author={Jamri{\v{s}}ka, Ond{\v{r}}ej and Sochorov{\'a}, {\v{S}}{\'a}rka and Texler, Ond{\v{r}}ej and Luk{\'a}{\v{c}}, Michal and Fi{\v{s}}er, Jakub and Lu, Jingwan and Shechtman, Eli and S{`y}kora, Daniel},
journal={ACM Transactions on Graphics (TOG)},
volume={38},
number={4},
pages={1--11},
year={2019},
publisher={ACM New York, NY, USA}
}

@inproceedings{yang2024fresco,
  title={FRESCO: Spatial-Temporal Correspondence for Zero-Shot Video Translation},
  author={Yang, Shuai and Zhou, Yifan and Liu, Ziwei and Loy, Chen Change},
  booktitle={Proceedings of the IEEE/CVF Conference on Computer Vision and Pattern Recognition},
  pages={8703--8712},
  year={2024}
}

@article{mahapatra2023text,
  title={Text-guided synthesis of eulerian cinemagraphs},
  author={Mahapatra, Aniruddha and Siarohin, Aliaksandr and Lee, Hsin-Ying and Tulyakov, Sergey and Zhu, Jun-Yan},
  journal={ACM Transactions on Graphics (TOG)},
  volume={42},
  number={6},
  pages={1--13},
  year={2023},
  publisher={ACM New York, NY, USA}
}

@inproceedings{hertzmann2001image,
  title={Image analogies},
  author={Hertzmann, Aaron and Jacobs, Charles E and Oliver, Nuria and Curless, Brian and Salesin, David H},
  booktitle={Proceedings of the 28th Annual Conference on Computer Graphics and Interactive Techniques},
  pages={327--340},
  year={2001}
}

@article{tenenbaum2000separating,
  title={Separating style and content with bilinear models},
  author={Tenenbaum, Joshua B and Freeman, William T},
  journal={Neural computation},
  volume={12},
  number={6},
  pages={1247--1283},
  year={2000},
  publisher={MIT Press}
}

@article{simonyan2014very,
  title={Very deep convolutional networks for large-scale image recognition},
  author={Simonyan, Karen and Zisserman, Andrew},
  journal={arXiv preprint arXiv:1409.1556},
  year={2014}
}

@article{texler2020interactive,
  title={Interactive video stylization using few-shot patch-based training},
  author={Texler, Ond{\v{r}}ej and Futschik, David and Ku{\v{c}}era, Michal and Jamri{\v{s}}ka, Ond{\v{r}}ej and Sochorov{\'a}, {\v{S}}{\'a}rka and Chai, Menclei and Tulyakov, Sergey and S{\`y}kora, Daniel},
  journal={ACM Transactions on Graphics (TOG)},
  volume={39},
  number={4},
  pages={73--1},
  year={2020},
  publisher={ACM New York, NY, USA}
}

@article{texler2020arbitrary,
  title={Arbitrary style transfer using neurally-guided patch-based synthesis},
  author={Texler, Ond{\v{r}}ej and Futschik, David and Fi{\v{s}}er, Jakub and Luk{\'a}{\v{c}}, Michal and Lu, Jingwan and Shechtman, Eli and S{\`y}kora, Daniel},
  journal={Computers \& Graphics},
  volume={87},
  pages={62--71},
  year={2020},
  publisher={Elsevier}
}

@inproceedings{caron2021emerging,
  title={Emerging properties in self-supervised vision transformers},
  author={Caron, Mathilde and Touvron, Hugo and Misra, Ishan and J{\'e}gou, Herv{\'e} and Mairal, Julien and Bojanowski, Piotr and Joulin, Armand},
  booktitle={Proceedings of the IEEE/CVF international conference on computer vision},
  pages={9650--9660},
  year={2021}
}


