@String(PAMI = {IEEE Trans. Pattern Anal. Mach. Intell.})
@String(IJCV = {Int. J. Comput. Vis.})
@String(CVPR= {IEEE Conf. Comput. Vis. Pattern Recog.})
@String(ICCV= {Int. Conf. Comput. Vis.})
@String(ECCV= {Eur. Conf. Comput. Vis.})
@String(NIPS= {Adv. Neural Inform. Process. Syst.})
@String(ICPR = {Int. Conf. Pattern Recog.})
@String(BMVC= {Brit. Mach. Vis. Conf.})
@String(TOG= {ACM Trans. Graph.})
@String(TIP  = {IEEE Trans. Image Process.})
@String(TVCG  = {IEEE Trans. Vis. Comput. Graph.})
@String(TMM  = {IEEE Trans. Multimedia})
@String(ACMMM= {ACM Int. Conf. Multimedia})
@String(ICME = {Int. Conf. Multimedia and Expo})
@String(ICASSP=	{ICASSP})
@String(ICIP = {IEEE Int. Conf. Image Process.})
@String(ACCV  = {ACCV})
@String(ICLR = {Int. Conf. Learn. Represent.})
@String(IJCAI = {IJCAI})
@String(PR   = {Pattern Recognition})
@String(AAAI = {AAAI})
@String(CVPRW= {IEEE Conf. Comput. Vis. Pattern Recog. Worksh.})
@String(CSVT = {IEEE Trans. Circuit Syst. Video Technol.})

@String(SPL	= {IEEE Sign. Process. Letters})
@String(VR   = {Vis. Res.})
@String(JOV	 = {J. Vis.})
@String(TVC  = {The Vis. Comput.})
@String(JCST  = {J. Comput. Sci. Tech.})
@String(CGF  = {Comput. Graph. Forum})
@String(CVM = {Computational Visual Media})


@String(PAMI  = {IEEE TPAMI})
@String(IJCV  = {IJCV})
@String(CVPR  = {CVPR})
@String(ICCV  = {ICCV})
@String(ECCV  = {ECCV})
@String(NIPS  = {NeurIPS})
@String(ICPR  = {ICPR})
@String(BMVC  =	{BMVC})
@String(TOG   = {ACM TOG})
@String(TIP   = {IEEE TIP})
@String(TVCG  = {IEEE TVCG})
@String(TCSVT = {IEEE TCSVT})
@String(TMM   =	{IEEE TMM})
@String(ACMMM = {ACM MM})
@String(ICME  =	{ICME})
@String(ICASSP=	{ICASSP})
@String(ICIP  = {ICIP})
@String(ACCV  = {ACCV})
@String(ICLR  = {ICLR})
@String(IJCAI = {IJCAI})
@String(PR = {PR})
@String(AAAI = {AAAI})
@String(CVPRW= {CVPRW})
@String(CSVT = {IEEE TCSVT})


@InProceedings{Scaffold-GS2024,
    author    = {Lu, Tao and Yu, Mulin and Xu, Linning and Xiangli, Yuanbo and Wang, Limin and Lin, Dahua and Dai, Bo},
    title     = {Scaffold-GS: Structured 3D Gaussians for View-Adaptive Rendering},
    booktitle = {Proceedings of the IEEE/CVF Conference on Computer Vision and Pattern Recognition (CVPR)},
    month     = {June},
    year      = {2024},
    pages     = {20654-20664}
}

@InProceedings{FreGS2024,
    author    = {Zhang, Jiahui and Zhan, Fangneng and Xu, Muyu and Lu, Shijian and Xing, Eric},
    title     = {FreGS: 3D Gaussian Splatting with Progressive Frequency Regularization},
    booktitle = {Proceedings of the IEEE/CVF Conference on Computer Vision and Pattern Recognition (CVPR)},
    month     = {June},
    year      = {2024},
    pages     = {21424-21433}
}




@article{3DGS2023,
  TITLE = {{3D Gaussian Splatting for Real-Time Radiance Field Rendering}},
  AUTHOR = {Kerbl, Bernhard and Kopanas, Georgios and Leimk{\"u}hler, Thomas and Drettakis, George},
  JOURNAL = {{ACM Transactions on Graphics (ToG)}},
  VOLUME = {42},
  NUMBER = {4},
  PAGES = {1--14},
  YEAR = {2023},
}

@InProceedings{NeRF2020,
author="Mildenhall, Ben
and Srinivasan, Pratul P.
and Tancik, Matthew
and Barron, Jonathan T.
and Ramamoorthi, Ravi
and Ng, Ren",
editor="Vedaldi, Andrea
and Bischof, Horst
and Brox, Thomas
and Frahm, Jan-Michael",
title="NeRF: Representing Scenes as Neural Radiance Fields for View Synthesis",
booktitle="European Conference on Computer Vision (ECCV)",
year="2020",
pages="405--421",
numpages = {17}
}


@InProceedings{Photo-SLAM2024,
    author    = {Huang, Huajian and Li, Longwei and Cheng, Hui and Yeung, Sai-Kit},
    title     = {Photo-SLAM: Real-time Simultaneous Localization and Photorealistic Mapping for Monocular Stereo and RGB-D Cameras},
    booktitle = {Proceedings of the IEEE/CVF Conference on Computer Vision and Pattern Recognition (CVPR)},
    month     = {June},
    year      = {2024},
    pages     = {21584-21593}
}

[pdf] [supp] [bibtex]
@InProceedings{SplaTAM2024,
    author    = {Keetha, Nikhil and Karhade, Jay and Jatavallabhula, Krishna Murthy and Yang, Gengshan and Scherer, Sebastian and Ramanan, Deva and Luiten, Jonathon},
    title     = {SplaTAM: Splat Track \& Map 3D Gaussians for Dense RGB-D SLAM},
    booktitle = {Proceedings of the IEEE/CVF Conference on Computer Vision and Pattern Recognition (CVPR)},
    month     = {June},
    year      = {2024},
    pages     = {21357-21366}
}

[pdf] [supp] [bibtex]
@InProceedings{GS-SLAM2024,
    author    = {Yan, Chi and Qu, Delin and Xu, Dan and Zhao, Bin and Wang, Zhigang and Wang, Dong and Li, Xuelong},
    title     = {GS-SLAM: Dense Visual SLAM with 3D Gaussian Splatting},
    booktitle = {Proceedings of the IEEE/CVF Conference on Computer Vision and Pattern Recognition (CVPR)},
    month     = {June},
    year      = {2024},
    pages     = {19595-19604}
}

@InProceedings{MonoGS2024,
    author    = {Matsuki, Hidenobu and Murai, Riku and Kelly, Paul H.J. and Davison, Andrew J.},
    title     = {Gaussian Splatting SLAM},
    booktitle = {Proceedings of the IEEE/CVF Conference on Computer Vision and Pattern Recognition (CVPR)},
    month     = {June},
    year      = {2024},
    pages     = {18039-18048}
}

@inproceedings{RTG-SLAM2024,
author = {Peng, Zhexi and Shao, Tianjia and Liu, Yong and Zhou, Jingke and Yang, Yin and Wang, Jingdong and Zhou, Kun},
title = {RTG-SLAM: Real-time 3D Reconstruction at Scale using Gaussian Splatting},
year = {2024},
isbn = {9798400705250},
publisher = {Association for Computing Machinery},
booktitle = {ACM SIGGRAPH 2024 Conference Papers},
articleno = {30},
numpages = {11},
series = {SIGGRAPH '24}
}

@misc{GS-ICPSLAM2024,
      title={RGBD GS-ICP SLAM}, 
      author={Seongbo Ha and Jiung Yeon and Hyeonwoo Yu},
      year={2024},
      eprint={2403.12550},
      archivePrefix={arXiv},
      primaryClass={cs.CV}
}

@misc{CG-SLAM2024,
      title={CG-SLAM: Efficient Dense RGB-D SLAM in a Consistent Uncertainty-aware 3D Gaussian Field}, 
      author={Jiarui Hu and Xianhao Chen and Boyin Feng and Guanglin Li and Liangjing Yang and Hujun Bao and Guofeng Zhang and Zhaopeng Cui},
      year={2024},
      eprint={2403.16095},
      archivePrefix={arXiv},
      primaryClass={cs.CV}
}

@misc{Gaussian-SLAM2312,
      title={Gaussian-SLAM: Photo-realistic Dense SLAM with Gaussian Splatting}, 
      author={Vladimir Yugay and Yue Li and Theo Gevers and Martin R. Oswald},
      year={2024},
      eprint={2312.10070},
      archivePrefix={arXiv},
      primaryClass={cs.CV},
      url={https://arxiv.org/abs/2312.10070}, 
}


@ARTICLE{ORB-SLAM32021,
  author={Campos, Carlos and Elvira, Richard and Rodríguez, Juan J. Gómez and M. Montiel, José M. and D. Tardós, Juan},
  journal={IEEE Transactions on Robotics}, 
  title={ORB-SLAM3: An Accurate Open-Source Library for Visual, Visual–Inertial, and Multimap SLAM}, 
  year={2021},
  volume={37},
  number={6},
  pages={1874-1890},
  doi={10.1109/TRO.2021.3075644}}

@inproceedings{DROID-SLAM2021,
 author = {Teed, Zachary and Deng, Jia},
 booktitle = {Advances in Neural Information Processing Systems},
 editor = {M. Ranzato and A. Beygelzimer and Y. Dauphin and P.S. Liang and J. Wortman Vaughan},
 pages = {16558--16569},
 publisher = {Curran Associates, Inc.},
 title = {DROID-SLAM: Deep Visual SLAM for Monocular, Stereo, and RGB-D Cameras},
 volume = {34},
 year = {2021}
}

@InProceedings{Point-SLAM2023,
    author    = {Sandstr\"om, Erik and Li, Yue and Van Gool, Luc and Oswald, Martin R.},
    title     = {Point-SLAM: Dense Neural Point Cloud-based SLAM},
    booktitle = {Proceedings of the IEEE/CVF International Conference on Computer Vision (ICCV)},
    month     = {October},
    year      = {2023},
    pages     = {18433-18444}
}

@InProceedings{NICE-SLAM2022,
    author    = {Zhu, Zihan and Peng, Songyou and Larsson, Viktor and Xu, Weiwei and Bao, Hujun and Cui, Zhaopeng and Oswald, Martin R. and Pollefeys, Marc},
    title     = {NICE-SLAM: Neural Implicit Scalable Encoding for SLAM},
    booktitle = {Proceedings of the IEEE/CVF Conference on Computer Vision and Pattern Recognition (CVPR)},
    month     = {June},
    year      = {2022},
    pages     = {12786-12796}
}

@InProceedings{iMAP2021,
    author    = {Sucar, Edgar and Liu, Shikun and Ortiz, Joseph and Davison, Andrew J.},
    title     = {iMAP: Implicit Mapping and Positioning in Real-Time},
    booktitle = {Proceedings of the IEEE/CVF International Conference on Computer Vision (ICCV)},
    month     = {October},
    year      = {2021},
    pages     = {6229-6238}
}

@misc{GLO2019,
      title={Optimizing the Latent Space of Generative Networks}, 
      author={Piotr Bojanowski and Armand Joulin and David Lopez-Paz and Arthur Szlam},
      year={2019},
      eprint={1707.05776},
      archivePrefix={arXiv},
      primaryClass={stat.ML},
      url={https://arxiv.org/abs/1707.05776},
}

@InProceedings{NeRF-W2021,
    author    = {Martin-Brualla, Ricardo and Radwan, Noha and Sajjadi, Mehdi S. M. and Barron, Jonathan T. and Dosovitskiy, Alexey and Duckworth, Daniel},
    title     = {NeRF in the Wild: Neural Radiance Fields for Unconstrained Photo Collections},
    booktitle = {Proceedings of the IEEE/CVF Conference on Computer Vision and Pattern Recognition (CVPR)},
    month     = {June},
    year      = {2021},
    pages     = {7210-7219}
}

@inproceedings{HF-NeuS2022,
 author = {Wang, Yiqun and Skorokhodov, Ivan and Wonka, Peter},
 booktitle = {Advances in Neural Information Processing Systems},
 pages = {1966--1978},
 title = {HF-NeuS: Improved Surface Reconstruction Using High-Frequency Details},
 volume = {35},
 year = {2022}
}


@InProceedings{AligNeRF2023,
    author    = {Jiang, Yifan and Hedman, Peter and Mildenhall, Ben and Xu, Dejia and Barron, Jonathan T. and Wang, Zhangyang and Xue, Tianfan},
    title     = {AligNeRF: High-Fidelity Neural Radiance Fields via Alignment-Aware Training},
    booktitle = {Proceedings of the IEEE/CVF Conference on Computer Vision and Pattern Recognition (CVPR)},
    month     = {June},
    year      = {2023},
    pages     = {46-55}
}

@InProceedings{Johnson,
author="Johnson, Justin
and Alahi, Alexandre
and Fei-Fei, Li",
title="Perceptual Losses for Real-Time Style Transfer and Super-Resolution",
booktitle="European Conference on Computer Vision (ECCV)",
year="2016",
pages="694--711",
}

@misc{grupp2017evo,
  title={evo: Python package for the evaluation of odometry and SLAM.},
  author={Grupp, Michael},
  howpublished={\url{https://github.com/MichaelGrupp/evo}},
  year={2017}
}

@misc{Replica2019,
      title={The Replica Dataset: A Digital Replica of Indoor Spaces}, 
      author={Julian Straub and Thomas Whelan and Lingni Ma and Yufan Chen and Erik Wijmans and Simon Green and Jakob J. Engel and Raul Mur-Artal and Carl Ren and Shobhit Verma and Anton Clarkson and Mingfei Yan and Brian Budge and Yajie Yan and Xiaqing Pan and June Yon and Yuyang Zou and Kimberly Leon and Nigel Carter and Jesus Briales and Tyler Gillingham and Elias Mueggler and Luis Pesqueira and Manolis Savva and Dhruv Batra and Hauke M. Strasdat and Renzo De Nardi and Michael Goesele and Steven Lovegrove and Richard Newcombe},
      year={2019},
      eprint={1906.05797},
      archivePrefix={arXiv},
      primaryClass={cs.CV},
      url={https://arxiv.org/abs/1906.05797}, 
}

@INPROCEEDINGS{TUMRGB-D2012,
  author={Sturm, Jürgen and Engelhard, Nikolas and Endres, Felix and Burgard, Wolfram and Cremers, Daniel},
  booktitle={2012 IEEE/RSJ International Conference on Intelligent Robots and Systems}, 
  title={A benchmark for the evaluation of RGB-D SLAM systems}, 
  year={2012},
  volume={},
  number={},
  pages={573-580},
  keywords={Cameras;Simultaneous localization and mapping;Calibration;Trajectory;Visualization},
  doi={10.1109/IROS.2012.6385773}}


@article{EuRoC2016,
author = {Michael Burri and Janosch Nikolic and Pascal Gohl and Thomas Schneider and Joern Rehder and Sammy Omari and Markus W Achtelik and Roland Siegwart},
title ={The EuRoC micro aerial vehicle datasets},
journal = {The International Journal of Robotics Research},
volume = {35},
number = {10},
pages = {1157-1163},
year = {2016}
}

@inproceedings{lpips,
  title={The Unreasonable Effectiveness of Deep Features as a Perceptual Metric},
  author={Zhang, Richard and Isola, Phillip and Efros, Alexei A and Shechtman, Eli and Wang, Oliver},
  booktitle={CVPR},
  year={2018}
}

%related work 
%nerf slam
@InProceedings{ESLAM2023,
    author    = {Johari, Mohammad Mahdi and Carta, Camilla and Fleuret, Fran\c{c}ois},
    title     = {ESLAM: Efficient Dense SLAM System Based on Hybrid Representation of Signed Distance Fields},
    booktitle = {Proceedings of the IEEE/CVF Conference on Computer Vision and Pattern Recognition (CVPR)},
    month     = {June},
    year      = {2023},
    pages     = {17408-17419}
}

@INPROCEEDINGS{Vox-Fusion2022,
  author={Yang, Xingrui and Li, Hai and Zhai, Hongjia and Ming, Yuhang and Liu, Yuqian and Zhang, Guofeng},
  booktitle={2022 IEEE International Symposium on Mixed and Augmented Reality (ISMAR)}, 
  title={Vox-Fusion: Dense Tracking and Mapping with Voxel-based Neural Implicit Representation}, 
  year={2022},
  volume={},
  number={},
  pages={499-507},
  keywords={Fuses;Source coding;Rendering (computer graphics);Real-time systems;Systems support;Augmented reality;Dense SLAM;Implicit Networks;Voxelization;Surface Rendering},
  doi={10.1109/ISMAR55827.2022.00066}}

@INPROCEEDINGS{Orbeez-SLAM2023,
  author={Chung, Chi-Ming and Tseng, Yang-Che and Hsu, Ya-Ching and Shi, Xiang-Qian and Hua, Yun-Hung and Yeh, Jia-Fong and Chen, Wen-Chin and Chen, Yi-Ting and Hsu, Winston H.},
  booktitle={2023 IEEE International Conference on Robotics and Automation (ICRA)}, 
  title={Orbeez-SLAM: A Real-time Monocular Visual SLAM with ORB Features and NeRF-realized Mapping}, 
  year={2023},
  volume={},
  number={},
  pages={9400-9406}
}


@InProceedings{GO-SLAM2023,
    author    = {Zhang, Youmin and Tosi, Fabio and Mattoccia, Stefano and Poggi, Matteo},
    title     = {GO-SLAM: Global Optimization for Consistent 3D Instant Reconstruction},
    booktitle = {Proceedings of the IEEE/CVF International Conference on Computer Vision (ICCV)},
    month     = {October},
    year      = {2023},
    pages     = {3727-3737}
}

@InProceedings{Co-SLAM2023,
    author    = {Wang, Hengyi and Wang, Jingwen and Agapito, Lourdes},
    title     = {Co-SLAM: Joint Coordinate and Sparse Parametric Encodings for Neural Real-Time SLAM},
    booktitle = {Proceedings of the IEEE/CVF Conference on Computer Vision and Pattern Recognition (CVPR)},
    month     = {June},
    year      = {2023},
    pages     = {13293-13302}
}
@InProceedings{CP-SLAM2023,
 author = {Hu, Jiarui and Mao, Mao and Bao, Hujun and Zhang, Guofeng and Cui, Zhaopeng},
 booktitle = {Advances in Neural Information Processing Systems},
 editor = {A. Oh and T. Naumann and A. Globerson and K. Saenko and M. Hardt and S. Levine},
 pages = {39429--39442},
 title = {CP-SLAM: Collaborative Neural Point-based SLAM System},
 volume = {36},
 year = {2023}
}



@InProceedings{UncLe-SLAM2023,
    author    = {Sandstr\"om, Erik and Ta, Kevin and Van Gool, Luc and Oswald, Martin R.},
    title     = {UncLe-SLAM: Uncertainty Learning for Dense Neural SLAM},
    booktitle = {Proceedings of the IEEE/CVF International Conference on Computer Vision (ICCV) Workshops},
    month     = {October},
    year      = {2023},
    pages     = {4537-4548}
}




@InProceedings{Loopy-SLAM2024,
    author    = {Liso, Lorenzo and Sandstr\"om, Erik and Yugay, Vladimir and Van Gool, Luc and Oswald, Martin R.},
    title     = {Loopy-SLAM: Dense Neural SLAM with Loop Closures},
    booktitle = {Proceedings of the IEEE/CVF Conference on Computer Vision and Pattern Recognition (CVPR)},
    month     = {June},
    year      = {2024},
    pages     = {20363-20373}
}

@InProceedings{SNI-SLAM2024,
    author    = {Zhu, Siting and Wang, Guangming and Blum, Hermann and Liu, Jiuming and Song, Liang and Pollefeys, Marc and Wang, Hesheng},
    title     = {SNI-SLAM: Semantic Neural Implicit SLAM},
    booktitle = {Proceedings of the IEEE/CVF Conference on Computer Vision and Pattern Recognition (CVPR)},
    month     = {June},
    year      = {2024},
    pages     = {21167-21177}
}

@ARTICLE{HI-SLAM2024_NeRF,
  author={Zhang, Wei and Sun, Tiecheng and Wang, Sen and Cheng, Qing and Haala, Norbert},
  journal={IEEE Robotics and Automation Letters}, 
  title={HI-SLAM: Monocular Real-Time Dense Mapping With Hybrid Implicit Fields}, 
  year={2024},
  volume={9},
  number={2},
  pages={1548-1555}
}

@INPROCEEDINGS{NICER-SLAM2024,
  author={Zhu, Zihan and Peng, Songyou and Larsson, Viktor and Cui, Zhaopeng and Oswald, Martin R. and Geiger, Andreas and Pollefeys, Marc},
  booktitle={2024 International Conference on 3D Vision (3DV)}, 
  title={NICER-SLAM: Neural Implicit Scene Encoding for RGB SLAM}, 
  year={2024},
  volume={},
  number={},
  pages={42-52},
  keywords={Tracking loops;Surface reconstruction;Simultaneous localization and mapping;Three-dimensional displays;Pipelines;Cameras;Rendering (computer graphics);SLAM;NeRF;neural implicit representation},
  doi={10.1109/3DV62453.2024.00096}}


@ARTICLE{NIS-SLAM2024,
  author={Zhai, Hongjia and Huang, Gan and Hu, Qirui and Li, Guanglin and Bao, Hujun and Zhang, Guofeng},
  journal={IEEE Transactions on Visualization and Computer Graphics}, 
  title={NIS-SLAM: Neural Implicit Semantic RGB-D SLAM for 3D Consistent Scene Understanding}, 
  year={2024},
  volume={},
  number={},
  pages={1-11}}


@INPROCEEDINGS{NGEL-SLAM2024,
  author={Mao, Yunxuan and Yu, Xuan and Zhang, Zhuqing and Wang, Kai and Wang, Yue and Xiong, Rong and Liao, Yiyi},
  booktitle={2024 IEEE International Conference on Robotics and Automation (ICRA)}, 
  title={NGEL-SLAM: Neural Implicit Representation-based Global Consistent Low-Latency SLAM System}, 
  year={2024},
  volume={},
  number={},
  pages={6952-6958}}

@InProceedings{IBD-SLAM_2024_CVPR,
    author    = {Yin, Minghao and Wu, Shangzhe and Han, Kai},
    title     = {IBD-SLAM: Learning Image-Based Depth Fusion for Generalizable SLAM},
    booktitle = {Proceedings of the IEEE/CVF Conference on Computer Vision and Pattern Recognition (CVPR)},
    month     = {June},
    year      = {2024},
    pages     = {10563-10573}
}

@InProceedings{PLGSLAM_2024_CVPR,
    author    = {Deng, Tianchen and Shen, Guole and Qin, Tong and Wang, Jianyu and Zhao, Wentao and Wang, Jingchuan and Wang, Danwei and Chen, Weidong},
    title     = {PLGSLAM: Progressive Neural Scene Represenation with Local to Global Bundle Adjustment},
    booktitle = {Proceedings of the IEEE/CVF Conference on Computer Vision and Pattern Recognition (CVPR)},
    month     = {June},
    year      = {2024},
    pages     = {19657-19666}
}

@InProceedings{vMAP2023,
    author    = {Kong, Xin and Liu, Shikun and Taher, Marwan and Davison, Andrew J.},
    title     = {vMAP: Vectorised Object Mapping for Neural Field SLAM},
    booktitle = {Proceedings of the IEEE/CVF Conference on Computer Vision and Pattern Recognition (CVPR)},
    month     = {June},
    year      = {2023},
    pages     = {952-961}
}

@INPROCEEDINGS{NeRF-SLAM2023,
  author={Rosinol, Antoni and Leonard, John J. and Carlone, Luca},
  booktitle={2023 IEEE/RSJ International Conference on Intelligent Robots and Systems (IROS)}, 
  title={NeRF-SLAM: Real-Time Dense Monocular SLAM with Neural Radiance Fields}, 
  year={2023},
  volume={},
  number={},
  pages={3437-3444},
  keywords={Simultaneous localization and mapping;Three-dimensional displays;Uncertainty;Buildings;Pipelines;Semantics;Streaming media},
  doi={10.1109/IROS55552.2023.10341922}}


%arxiv
@misc{Go-SLAM2024,
      title={Go-SLAM: Grounded Object Segmentation and Localization with Gaussian Splatting SLAM}, 
      author={Phu Pham and Dipam Patel and Damon Conover and Aniket Bera},
      year={2024},
      eprint={2409.16944},
      archivePrefix={arXiv},
      primaryClass={cs.RO},
      url={https://arxiv.org/abs/2409.16944}, 
}

@misc{Hi-SLAM2024_GS,
      title={Hi-SLAM: Scaling-up Semantics in SLAM with a Hierarchically Categorical Gaussian Splatting}, 
      author={Boying Li and Zhixi Cai and Yuan-Fang Li and Ian Reid and Hamid Rezatofighi},
      year={2024},
      eprint={2409.12518},
      archivePrefix={arXiv},
      primaryClass={cs.RO},
      url={https://arxiv.org/abs/2409.12518}, 
}

@misc{GEVO2024,
      title={GEVO: Memory-Efficient Monocular Visual Odometry Using Gaussians}, 
      author={Dasong Gao and Peter Zhi Xuan Li and Vivienne Sze and Sertac Karaman},
      year={2024},
      eprint={2409.09295},
      archivePrefix={arXiv},
      primaryClass={cs.RO},
      url={https://arxiv.org/abs/2409.09295}, 
}

@misc{UDGS-SLAM2024,
      title={UDGS-SLAM : UniDepth Assisted Gaussian Splatting for Monocular SLAM}, 
      author={Mostafa Mansour and Ahmed Abdelsalam and Ari Happonen and Jari Porras and Esa Rahtu},
      year={2024},
      eprint={2409.00362},
      archivePrefix={arXiv},
      primaryClass={cs.CV},
      url={https://arxiv.org/abs/2409.00362}, 
}

@misc{MGSO_2409,
      title={MGSO: Monocular Real-time Photometric SLAM with Efficient 3D Gaussian Splatting}, 
      author={Yan Song Hu and Nicolas Abboud and Muhammad Qasim Ali and Adam Srebrnjak Yang and Imad Elhajj and Daniel Asmar and Yuhao Chen and John S. Zelek},
      year={2024},
      eprint={2409.13055},
      archivePrefix={arXiv},
      primaryClass={cs.RO},
      url={https://arxiv.org/abs/2409.13055}, 
}

@misc{GLC-SLAM_2409,
      title={GLC-SLAM: Gaussian Splatting SLAM with Efficient Loop Closure}, 
      author={Ziheng Xu and Qingfeng Li and Chen Chen and Xuefeng Liu and Jianwei Niu},
      year={2024},
      eprint={2409.10982},
      archivePrefix={arXiv},
      primaryClass={cs.RO},
      url={https://arxiv.org/abs/2409.10982}, 
}

@misc{qu2024visualslam3dgaussian,
      title={Visual SLAM with 3D Gaussian Primitives and Depth Priors Enabling Novel View Synthesis}, 
      author={Zhongche Qu and Zhi Zhang and Cong Liu and Jianhua Yin},
      year={2024},
      eprint={2408.05635},
      archivePrefix={arXiv},
      primaryClass={cs.CV},
      url={https://arxiv.org/abs/2408.05635}, 
}

%related work
%visual SLAM 
@INPROCEEDINGS{PTAM,
  author={Klein, Georg and Murray, David},
  booktitle={2007 6th IEEE and ACM International Symposium on Mixed and Augmented Reality}, 
  title={Parallel Tracking and Mapping for Small AR Workspaces}, 
  year={2007},
  volume={},
  number={},
  pages={225-234}
}
@InProceedings{LSD-SLAM,
author="Engel, Jakob
and Sch{\"o}ps, Thomas
and Cremers, Daniel",
editor="Fleet, David
and Pajdla, Tomas
and Schiele, Bernt
and Tuytelaars, Tinne",
title="LSD-SLAM: Large-Scale Direct Monocular SLAM",
booktitle="European Conference on Computer Vision (ECCV)",
year="2014",
address="Cham",
pages="834--849"
}

@ARTICLE{DSO,
  author={Engel, Jakob and Koltun, Vladlen and Cremers, Daniel},
  journal={IEEE Transactions on Pattern Analysis and Machine Intelligence}, 
  title={Direct Sparse Odometry}, 
  year={2018},
  volume={40},
  number={3},
  pages={611-625}
}

@ARTICLE{DSM,
  author={Zubizarreta, Jon and Aguinaga, Iker and Montiel, Jose Maria Martinez},
  journal={IEEE Transactions on Robotics}, 
  title={Direct Sparse Mapping}, 
  year={2020},
  volume={36},
  number={4},
  pages={1363-1370}
}
@INPROCEEDINGS{KinectFusion,
  author={Newcombe, Richard A. and Izadi, Shahram and Hilliges, Otmar and Molyneaux, David and Kim, David and Davison, Andrew J. and Kohi, Pushmeet and Shotton, Jamie and Hodges, Steve and Fitzgibbon, Andrew},
  booktitle={2011 10th IEEE International Symposium on Mixed and Augmented Reality}, 
  title={KinectFusion: Real-time dense surface mapping and tracking}, 
  year={2011},
  volume={},
  number={},
  pages={127-136}
}

@InProceedings{CodeSLAM,
author = {Bloesch, Michael and Czarnowski, Jan and Clark, Ronald and Leutenegger, Stefan and Davison, Andrew J.},
title = {CodeSLAM — Learning a Compact, Optimisable Representation for Dense Visual SLAM},
booktitle = {Proceedings of the IEEE Conference on Computer Vision and Pattern Recognition (CVPR)},
month = {June},
year = {2018}
}

@InProceedings{SceneCode,
author = {Zhi, Shuaifeng and Bloesch, Michael and Leutenegger, Stefan and Davison, Andrew J.},
title = {SceneCode: Monocular Dense Semantic Reconstruction Using Learned Encoded Scene Representations},
booktitle = {Proceedings of the IEEE/CVF Conference on Computer Vision and Pattern Recognition (CVPR)},
month = {June},
year = {2019}
}

@INPROCEEDINGS{NodeSLAM,
  author={Sucar, Edgar and Wada, Kentaro and Davison, Andrew},
  booktitle={2020 International Conference on 3D Vision (3DV)}, 
  title={NodeSLAM: Neural Object Descriptors for Multi-View Shape Reconstruction}, 
  year={2020},
  volume={},
  number={},
  pages={949-958}
}


@inproceedings{DPVO,
 author = {Teed, Zachary and Lipson, Lahav and Deng, Jia},
 booktitle = {Advances in Neural Information Processing Systems},
 editor = {A. Oh and T. Naumann and A. Globerson and K. Saenko and M. Hardt and S. Levine},
 pages = {39033--39051},
 title = {Deep Patch Visual Odometry},
 volume = {36},
 year = {2023}
}

@InProceedings{MS_SLAM_2024CVPR,
    author    = {Lipson, Lahav and Deng, Jia},
    title     = {Multi-Session SLAM with Differentiable Wide-Baseline Pose Optimization},
    booktitle = {Proceedings of the IEEE/CVF Conference on Computer Vision and Pattern Recognition (CVPR)},
    month     = {June},
    year      = {2024},
    pages     = {19626-19635}
}

%related work
%visual SLAM 

%concurrent method 都采用了scaffold gs
@misc{OG-Mapping,
      title={OG-Mapping: Octree-based Structured 3D Gaussians for Online Dense Mapping}, 
      author={Meng Wang and Junyi Wang and Changqun Xia and Chen Wang and Yue Qi},
      year={2024},
      eprint={2408.17223},
      archivePrefix={arXiv},
      primaryClass={cs.CV},
      url={https://arxiv.org/abs/2408.17223}, 
}

%concurrent method
@misc{IG-SLAM_202408,
      title={IG-SLAM: Instant Gaussian SLAM}, 
      author={F. Aykut Sarikamis and A. Aydin Alatan},
      year={2024},
      eprint={2408.01126},
      archivePrefix={arXiv},
      primaryClass={cs.CV},
      url={https://arxiv.org/abs/2408.01126}, 
}

@misc{LoopSplat,
      title={LoopSplat: Loop Closure by Registering 3D Gaussian Splats}, 
      author={Liyuan Zhu and Yue Li and Erik Sandström and Shengyu Huang and Konrad Schindler and Iro Armeni},
      year={2024},
      eprint={2408.10154},
      archivePrefix={arXiv},
      primaryClass={cs.CV},
      url={https://arxiv.org/abs/2408.10154}, 
}


@misc{Authors14,
 author = {FirstName LastName},
 title = {The frobnicatable foo filter},
 note = {Face and Gesture submission ID 324. Supplied as supplemental material {\tt fg324.pdf}},
 year = 2014
}

@misc{Authors14b,
 author = {FirstName LastName},
 title = {Frobnication tutorial},
 note = {Supplied as supplemental material {\tt tr.pdf}},
 year = 2014
}

@article{Alpher02,
author = {FirstName Alpher},
title = {Frobnication},
journal = PAMI,
volume = 12,
number = 1,
pages = {234--778},
year = 2002
}

@article{Alpher03,
author = {FirstName Alpher and  FirstName Fotheringham-Smythe},
title = {Frobnication revisited},
journal = {Journal of Foo},
volume = 13,
number = 1,
pages = {234--778},
year = 2003
}

@article{Alpher04,
author = {FirstName Alpher and FirstName Fotheringham-Smythe and FirstName Gamow},
title = {Can a machine frobnicate?},
journal = {Journal of Foo},
volume = 14,
number = 1,
pages = {234--778},
year = 2004
}

@inproceedings{Alpher05,
author = {FirstName Alpher and FirstName Gamow},
title = {Can a computer frobnicate?},
booktitle = CVPR,
pages = {234--778},
year = 2005
}
@ARTICLE{H2Mapping2023,
  author={Jiang, Chenxing and Zhang, Hanwen and Liu, Peize and Yu, Zehuan and Cheng, Hui and Zhou, Boyu and Shen, Shaojie},
  journal={IEEE Robotics and Automation Letters}, 
  title={H$_{2}$-Mapping: Real-Time Dense Mapping Using Hierarchical Hybrid Representation}, 
  year={2023},
  volume={8},
  number={10},
  pages={6787-6794},
  keywords={Geometry;Real-time systems;Octrees;Image resolution;Optimization;Edge computing;Mapping;RGB-D perception;visual learning},
  doi={10.1109/LRA.2023.3313051}}

@ARTICLE{PIN-SLAM2024,
  author={Pan, Yue and Zhong, Xingguang and Wiesmann, Louis and Posewsky, Thorbjörn and Behley, Jens and Stachniss, Cyrill},
  journal={IEEE Transactions on Robotics}, 
  title={PIN-SLAM: LiDAR SLAM Using a Point-Based Implicit Neural Representation for Achieving Global Map Consistency}, 
  year={2024},
  volume={40},
  number={},
  pages={4045-4064}}

@InProceedings{Qu_2024_CVPR,
    author    = {Qu, Delin and Yan, Chi and Wang, Dong and Yin, Jie and Chen, Qizhi and Xu, Dan and Zhang, Yiting and Zhao, Bin and Li, Xuelong},
    title     = {Implicit Event-RGBD Neural SLAM},
    booktitle = {Proceedings of the IEEE/CVF Conference on Computer Vision and Pattern Recognition (CVPR)},
    month     = {June},
    year      = {2024},
    pages     = {19584-19594}
}
@INPROCEEDINGS{NeRF-VINS2024,
  author={Katragadda, Saimouli and Lee, Woosik and Peng, Yuxiang and Geneva, Patrick and Chen, Chuchu and Guo, Chao and Li, Mingyang and Huang, Guoquan},
  booktitle={2024 IEEE International Conference on Robotics and Automation (ICRA)}, 
  title={NeRF-VINS: A Real-time Neural Radiance Field Map-based Visual-Inertial Navigation System}, 
  year={2024},
  volume={},
  number={},
  pages={10230-10237},
  keywords={Location awareness;Three-dimensional displays;Navigation;Tracking;Fuses;Neural radiance field;Information filters},
  doi={10.1109/ICRA57147.2024.10610051}}