@STRING{cvpr	= "Proc. of {CVPR}" }
@STRING{iccv	= "Proc. of {ICCV}" }
@STRING{icml	= "Proc. of {ICML}" }
@STRING{neurips	= "Proc. of {NeurIPS}" }
@STRING{nips	= "Proc. of {NeurIPS}" }
@STRING{ccs	= "Proc. of {ACM CCS}" }
@STRING{oakland	= "Proc. of {IEEE S\&P}" }
@STRING{usenix	= "Proc. of {USENIX} Security" }
@STRING{usenixsecurity="Proc. of {USENIX} Security" }




@Misc{      smooth-attack,
  author  = {Lvmin Zhang},
  title={AdverseCleaner}, 
  note = {\url{https://github.com/lllyasviel/AdverseCleaner}}
}


@Misc{      marx-attack,
  author  = {David Marx},
  note = {\url{https://twitter.com/DigThatData/status/1636386617392009224}}
}

@Misc{		  aistrike,
  author	= {Alex Cheney},
  title		= {Hundreds of Animation Guild members join {WGA} writers on
		  picket line for first time},
  howpublished	= {ABC7 News},
  month		= {May},
  year		= {2023}
}

@Misc{		  aiethics,
  author	= {Luke Plunkett},
  title		= {{AI} Creating `Art' Is An Ethical And Copyright
		  Nightmare},
  howpublished	= {Kotaku},
  month		= {August},
  year		= {2022}
}

@Misc{		  aiethics2,
  author	= {Vicki Fox},
  title		= {{AI} Art \& the Ethical Concerns of Artists},
  howpublished	= {Beautiful Bizarre},
  month		= {March},
  year		= {2023}
}

@Misc{		  aiconsent,
  author	= {Mathew Dryhurst},
  title		= {{AI} Art and the Problem of Consent},
  howpublished	= {ArtReview},
  month		= {January},
  year		= {2023}
}

@Misc{		  aiconsent2,
  author	= {Matt Growcoot},
  title		= {Midjourney Founder Admits to Using a ‘Hundred Million’
		  Images Without Consent},
  howpublished	= {PetaPixel},
  month		= {Dec},
  year		= {2022}
}

@Misc{		  aiconsent3,
  author	= {Elizabeth Flux},
  title		= {What does the rise of {AI} mean for the future of art?},
  howpublished	= {Sydney Morning Herald},
  month		= {Dec.},
  year		= {2022}
}

@Misc{		  aicopyright,
  author	= {Blake Brittain},
  title		= {{AI}-created images lose {U.S.} copyrights in test for new
		  technology},
  howpublished	= {Reuters},
  month		= {February},
  year		= {2023}
}

@Misc{		  studentsquit,
  author	= {Kaitlyn Nguyen},
  title		= {{AI} Is Causing Student Artists to Rethink Their Creative
		  Career Plans},
  howpublished	= {KQED Arts},
  month		= {April},
  year		= {2023}
}

@Misc{		  aiprotest,
  author	= {Benj Edwards},
  title		= {Artists stage mass protest against {AI}-generated artwork
		  on ArtStation},
  howpublished	= {Ars Technica},
  month		= {December},
  year		= {2022}
}

@Misc{		  ailawsuit,
  author	= {Pranav Dixit},
  title		= {Meet The Three Artists Behind A Landmark Lawsuit Against
		  {AI} Art Generators},
  howpublished	= {BuzzFeedNews},
  month		= {January},
  year		= {2023}
}

@Misc{		  aiart-forbes,
  author	= {Rob Salkowitz},
  title		= {{AI} Is Coming For Commercial Art Jobs. Can It Be
		  Stopped?},
  howpublished	= {Forbes},
  month		= {Sept},
  year		= {2022}
}

@Misc{		  aiart-greg,
  author	= {Melissa Heikkila},
  title		= {This artist is dominating {AI}-generated art. And he’s not
		  happy about it},
  howpublished	= {MIT Technology Review},
  month		= {Sept},
  year		= {2022}
}

@Misc{		  scenario-vc,
  author	= {Kyle Wiggers},
  title		= {{Scenario lands \$6M for its AI platform that generates
		  game art assets}},
  howpublished  = {TechCrunch},
  year		= 2022
}

@Misc{		  digital-styles,
  author	= {Andrew Hoare},
  title		= {{Digital Illustration Styles}},
  howpublished  = {Illustrators},
  year		= 2021
}

@article{		  madry-defense,
  author	= {Salman, Hadi and Khaddaj, Alaa and Leclerc, Guillaume and
		  Ilyas, Andrew and Madry, Aleksander},
  title		= {Raising the Cost of Malicious {AI}-Powered Image Editing},
  journal={arXiv:2302.06588},
  year		= 2022
}

@Misc{		  mini-training,
  author	= {Boris Dayma},
  title		= {{DALLE Mega - Training Journal}},
  year		= 2022
}

@Misc{		  class-action,
  author	= {{Joseph Saveri Law Firm LLP}},
  title		= {{Class Action Filed Against Stability AI, Midjourney, and
		  DeviantArt for DMCA Violations, Right of Publicity
		  Violations, Unlawful Competition, Breach of TOS}},
  year		= 2023
}

@Misc{		  guardian-artical,
  author	= {Laurie Clarke},
  title		= {{When AI can make art – what does it mean for
		  creativity?}},
  year		= {2022},
  howpublished	= {The Guardian},
  month		= {Nov}
}

@Misc{		  artical-1,
  author	= {Kelsey Weekman},
  title		= {{People Have Raised Serious Concerns About The AI Art App
		  That's All Over Your Instagram Feed}},
  howpublished  = {BuzzFeed News},
  year		= 2022
}

@Misc{		  artical-2,
  author	= {Tony Ho Tran},
  title		= {{Image Apps Like Lensa AI Are Sweeping the Internet, and
		  Stealing From Artists}},
  howpublished  = {Yahoo News},
  year		= 2022
}

@Misc{		  noai-protest,
  author	= {Jess Weatherbed},
  title		= {{ArtStation is hiding images protesting AI art on the
		  platform}},
        howpublished  = {The Verge},
  year		= 2022
}

@Misc{		  noai-result,
  author	= {Eray Eliaçık},
  title		= {{Does ArtStation become PromptStation?}},
  howpublished	= {Data Economy},
  month		= {Jan.},
  year		= 2023
}

@Misc{		  sarah-andersen,
  author	= {Sarah Andersen},
  title		= {{The Alt-Right Manipulated My Comic. Then A.I. Claimed
		  It.}},
  howpublished  = {The New York Times},
  year		= 2022
}

@Misc{		  midjourneystat,
  author	= {Christian Heidorn},
  title		= {{Mind-Boggling Midjourney Statistics in 2022}},
  howpublished  = {Tokenized},
  year		= 2022
}

@Misc{		  lensa-steal,
  author	= {Brendan P. Murphy},
  title		= {{Is Lensa AI Stealing From Human Art? An Expert Explains
		  The Controversy}},
  howpublished	= {ScienceAlert},
  year		= 2022
}

@Misc{		  draw-steal,
  author	= {Andrew McDonald},
  title		= {This {AI} can draw me!!! – Dreambooth \& Stable
      Diffusion},
  year		= 2022
}


@Misc{sam-steal,
  author	= {Sam Yang},
  title		= {{Why Artists are Fed Up with AI Art.}},
  month = {Dec.},
  howpublished ={Fayden Art},
  year		= 2022
}

@Misc{		  hollie-steal,
  author	= {Andy Baio},
  title		= {{Invasive Diffusion: How one unwilling illustrator found
		  herself turned into an AI model}},
  year		= 2022
}

@Misc{		  novelai-update,
  author	= {{NovelAI}},
  title		= {{NovelAI changelog}},
  year		= 2022
}

@Misc{		  gimp,
  author	= {Gloria Levine},
  title		= {{A New Stable Diffusion Plug-In For GIMP \& Krita}},
  howpublished	= {80.lv},
  month		= {Sept.},
  year		= 2022
}

@Misc{		  aigame,
  author	= {{Scenario.gg}},
  title		= {{AI-generated game assets}},
  year		= 2022
}

@Misc{		  civitai,
  author	= {{Civitai}},
  title		= {\url{https://civitai.com}},
  year		= 2022
}

@Misc{		  sd-funding,
  author	= {Kyle Wiggers},
  title		= {{Stability AI, the startup behind Stable Diffusion, raises
		  101M}},
  howpublished  = {TechCrunch},
  year		= 2022
}

@Misc{		  other1-funding,
  author	= {Miranda Perez},
  title		= {{AI Art Generator Cupixel Rakes in 5M From Craft Store
		  JOANN}},
  howpublished	= {Built in Boston},
  month		= {August},
  year		= 2022
}

@Misc{		  winaward,
  author	= {Kevin Roose},
  title		= {{An A.I.-Generated Picture Won an Art Prize. Artists
		  Aren't Happy.}},
  howpublished  = {The New York Times},
  month ={Sept.},
  year		= 2022
}

@Misc{		  ps-plugin,
  author	= {Stability.ai},
  title		= {{Stability for Photoshop}},
  year		= 2022
}

@Misc{		  blender-plugin,
  author	= {{AI Render}},
  title		= {{AI Render - Stable Diffusion in Blender. }},
  year		= 2022
}

@Misc{		  c-ai-cover,
  author	= {Gloria Liu},
  title		= {The World's Smartest Artificial Intelligence Just Made
		  Its First Magazine Cover},
  howpublished	= {Cosmopolitan},
  month		= {June},
  year		= 2022
}

@Misc{		  children-book,
  author	= {Nik Popli},
  title		= {{He Used AI to Publish a Children’s Book in a Weekend.
		  Artists Are Not Happy About It.}},
  howpublished	= {Time},
  month		= {Dec.},
  year		= 2022
}

@Misc{		  stable2-1,
  author	= {{Stability AI}},
  title		= {{Stable Diffusion v2.1 and DreamStudio Updates}},
  month = {Dec.},
  year		= 2022
}

@Misc{		  mid-4,
  author	= {Nadiya Ivanenko},
  title		= {{Midjourney v4: an incredible new version of the AI image
		  generator}},
  howpublished = {Mezha}, 
  year		= 2022
}

@Misc{		  mid-top-artistname,
  author	= {{Midjourney}},
  title		= {{Community Showcase}},
  year		= 2022
}

@InProceedings{	  deng2009imagenet,
  author	= {Deng, Jia and Dong, Wei and Socher, Richard and Li, Li-Jia
		  and Li, Kai and Fei-Fei, Li},
  booktitle	= cvpr,
  title		= {Imagenet: A large-scale hierarchical image database},
  year		= {2009}
}

@InProceedings{	  carlini2017towards,
  title		= {Towards evaluating the robustness of neural networks},
  author	= {Carlini, Nicholas and Wagner, David},
  booktitle	= oakland,
  year		= {2017}
}

@InProceedings{	  carlini2017adversarial,
  title		= {Adversarial examples are not easily detected: Bypassing
		  ten detection methods},
  author	= {Carlini, Nicholas and Wagner, David},
  booktitle	= {Proc. of {AISec}},
  year		= {2017}
}

@Article{	  kurakin2016adversarial,
  title		= {Adversarial examples in the physical world},
  author	= {Kurakin, Alexey and Goodfellow, Ian and Bengio, Samy},
  journal	= {arXiv:1607.02533},
  year		= {2016}
}

@InProceedings{	  demontis2019adversarial,
  title		= {Why do adversarial attacks transfer? explaining
		  transferability of evasion and poisoning attacks},
  author={Demontis, Ambra and others},
  booktitle	= usenix,
  year		= {2019}
}

@InProceedings{	  liu2018large,
  title		= {Deep Learning Face Attributes in the Wild},
  author	= {Liu, Ziwei and Luo, Ping and Wang, Xiaogang and Tang,
		  Xiaoou},
  booktitle	= {Proc. of ICCV},
  month		= {Dec.},
  year		= {2015}
}

@Article{	  sabour2015adversarial,
  title		= {Adversarial manipulation of deep representations},
  author	= {Sabour, Sara and Cao, Yanshuai and Faghri, Fartash and
		  Fleet, David J},
  journal	= {arXiv:1511.05122},
  year		= {2015}
}

@InProceedings{	  shan2020fawkes,
  title		= {Fawkes: Protecting privacy against unauthorized deep
		  learning models},
  author	= {Shan, Shawn and Wenger, Emily and Zhang, Jiayun and Li,
		  Huiying and Zheng, Haitao and Zhao, Ben Y.},
  booktitle	= usenix,
  year		= {2020}
}

@Article{	  mansimov2015generating,
  title		= {Generating images from captions with attention},
  author	= {Mansimov, Elman and Parisotto, Emilio and Ba, Jimmy Lei
		  and Salakhutdinov, Ruslan},
  journal	= {arXiv:1511.02793},
  year		= {2015}
}

@Article{	  radford2015unsupervised,
  title		= {Unsupervised representation learning with deep
		  convolutional generative adversarial networks},
  author	= {Radford, Alec and Metz, Luke and Chintala, Soumith},
  journal	= {arXiv:1511.06434},
  year		= {2015}
}

@InProceedings{	  zhang2017stackgan,
  title		= {Stackgan: Text to photo-realistic image synthesis with
		  stacked generative adversarial networks},
  author	= {Zhang, Han and others},
  booktitle	= iccv,
  year		= {2017}
}

@InProceedings{	  xu2018attngan,
  title		= {Attngan: Fine-grained text to image generation with
		  attentional generative adversarial networks},
  author	= {Xu, Tao and others},
  booktitle	= cvpr,
  year		= {2018}
}

@InProceedings{	  li2019object,
  title		= {Object-driven text-to-image synthesis via adversarial
		  training},
  author={Li, Wenbo and others},
  booktitle	= cvpr,
  year		= {2019}
}

@InProceedings{	  zhu2019dm,
  title		= {Dm-gan: Dynamic memory generative adversarial networks for
		  text-to-image synthesis},
  author	= {Zhu, Minfeng and Pan, Pingbo and Chen, Wei and Yang, Yi},
  booktitle	= cvpr,
  year		= {2019}
}

@InProceedings{	  tao2022df,
  title		= {{DF-GAN}: A Simple and Effective Baseline for Text-to-Image
		  Synthesis},
  author	= {Tao, Ming and others},
  booktitle	= cvpr,
  year		= {2022}
}

@Article{	  ramesh2022hierarchical,
  title		= {Hierarchical text-conditional image generation with clip
		  latents},
  author={Ramesh, Aditya and others},
  journal	= {arXiv:2204.06125},
  year		= {2022}
}

@InProceedings{	  rombach2022high,
  title		= {High-resolution image synthesis with latent diffusion
		  models},
  author	= {Rombach, Robin and others},
  booktitle	= cvpr,
  year		= {2022}
}

@Article{	  ruiz2022dreambooth,
  title		= {DreamBooth: Fine Tuning Text-to-image Diffusion Models for
		  Subject-Driven Generation},
  author	= {Ruiz, Nataniel and others},
  journal	= {arxiv:2208.12242},
  year		= {2022}
}

@InProceedings{	  changpinyo2021conceptual,
  title		= {Conceptual 12m: Pushing web-scale image-text pre-training
		  to recognize long-tail visual concepts},
  author	= {Changpinyo, Soravit and Sharma, Piyush and Ding, Nan and
		  Soricut, Radu},
  booktitle	= cvpr,
  year		= {2021}
}

@Article{	  thomee2016yfcc100m,
  title		= {YFCC100M: The new data in multimedia research},
  author	= {Thomee, Bart and others},
  journal	= {CACM},
  volume	= {59},
  number	= {2},
  pages		= {64--73},
  year		= {2016}
}

@InProceedings{	  sharma-etal-2018-conceptual,
  title		= {Conceptual Captions: A Cleaned, Hypernymed, Image Alt-text
		  Dataset For Automatic Image Captioning},
  author	= {Sharma, Piyush and Ding, Nan and Goodman, Sebastian and
		  Soricut, Radu},
  booktitle	= {Proc. of {ACL}},
  year		= {2018},
}


@Article{	  schuhmann2022laion,
  title		= {Laion-5b: An open large-scale dataset for training next
		  generation image-text models},
  author={Schuhmann, Christoph and others},
  journal	= {arXiv:2210.08402},
  year		= {2022}
}

@Article{	  evtimov2020foggysight,
  title		= {Foggysight: A scheme for facial lookup privacy},
  author	= {Evtimov, Ivan and Sturmfels, Pascal and Kohno, Tadayoshi},
  journal	= {PETS},
  volume	= {3},
  year		= {2021}
}

@Article{	  chandrasekaran2020face,
  title		= {Face-off: Adversarial face obfuscation},
  author={Chandrasekaran, Varun and others},
  journal	= {PETS},
  volume = {2},
  pages = {369--390},
  year		= {2020}
}

%  author={Cherepanova, Valeriia and Goldblum, Micah and Foley, Harrison and Duan, Shiyuan and Dickerson, John and others},
@InProceedings{	  cherepanova2021lowkey,
  title		= {Lowkey: Leveraging adversarial attacks to protect social
		  media users from facial recognition},
  author={Cherepanova, Valeriia and others},
  booktitle	= {ICLR},
  year		= {2021}
}

@InProceedings{	  kos2018adversarial,
  title		= {Adversarial examples for generative models},
  author	= {Kos, Jernej and Fischer, Ian and Song, Dawn},
  booktitle	= {Proc. of {SPW}},
  year		= {2018}
}

@Article{	  gondim2018adversarial,
  title		= {Adversarial attacks on variational autoencoders},
  author	= {Gondim-Ribeiro, George and Tabacof, Pedro and Valle,
		  Eduardo},
  journal	= {arXiv:1806.04646},
  year		= {2018}
}

%author={Kawar, Bahjat and Zada, Shiran and Lang, Oran and Tov, Omer and Chang, Huiwen and Dekel, Tali and Mosseri, Inbar and Irani, Michal},
@Article{	  kawar2022imagic,
  title		= {Imagic: Text-based real image editing with diffusion
		  models},
  author={Kawar, Bahjat and others},
  journal	= cvpr,
  year		= {2023}
}

@Article{	  chen2022re,
  title		= {Re-imagen: Retrieval-augmented text-to-image generator},
  author	= {Chen, Wenhu and Hu, Hexiang and Saharia, Chitwan and
		  Cohen, William W},
  journal	= {arXiv:2209.14491},
  year		= {2022}
}

%  author={Meng, Chenlin and Rombach, Robin and Gao, Ruiqi and Kingma, Diederik and Ermon, Stefano and others},
@Article{	  meng2022distillation,
  title		= {On distillation of guided diffusion models},
  author={Meng, Chenlin and others},
  journal	= {arXiv:2210.03142},
  year		= {2022}
}

@Article{	  li2022scaling,
  title		= {Scaling Language-Image Pre-training via Masking},
  author	= {Li, Yanghao and Fan, Haoqi and Hu, Ronghang and
		  Feichtenhofer, Christoph and He, Kaiming},
  journal	= {arXiv:2212.00794},
  year		= {2022}
}

@Article{	  balaji2022ediffi,
  title		= {ediffi: Text-to-image diffusion models with an ensemble of
		  expert denoisers},
  author={Balaji, Yogesh and others},
  journal	= {arXiv:2211.01324},
  year		= {2022}
}

@InProceedings{	  zhang2018unreasonable,
  title		= {The unreasonable effectiveness of deep features as a
		  perceptual metric},
  author	= {Zhang, Richard and others},
  booktitle	= cvpr,
  year		= {2018}
}

@Article{	  laidlaw2020perceptual,
  title		= {Perceptual adversarial robustness: Defense against unseen
		  threat models},
  author	= {Laidlaw, Cassidy and Singla, Sahil and Feizi, Soheil},
  journal	= {arXiv:2006.12655},
  year		= {2020}
}

@InProceedings{	  rony2021augmented,
  title		= {Augmented Lagrangian adversarial attacks},
  author	= {Rony, Jerome and Granger, Eric and Pedersoli, Marco and
		  Ben Ayed, Ismail},
  booktitle	= iccv,
  year		= {2021}
}

@Book{		  nocedal2006numerical,
  title		= {Numerical optimization, series in operations research and
		  financial engineering},
  author	= {Nocedal, Jorge and Wright, Stephen},
  year		= {2006}
}

@Article{	  transfer,
  title		= {Transferability in machine learning: From phenomena to
		  black-box attacks using adversarial samples},
  author	= {Papernot, Nicolas and McDaniel, Patrick and Goodfellow,
		  Ian},
  journal	= {arXiv:1605.07277},
  year		= {2016}
}

@InProceedings{	  suciu2018does,
  title		= {When Does Machine Learning FAIL? Generalized
		  Transferability for Evasion and Poisoning Attacks},
  author	= {Suciu, Octavian and others},
  booktitle	= usenixsecurity,
  year		= {2018}
}

@InProceedings{	  transfer2014,
  title		= {How transferable are features in deep neural networks?},
  author	= {Yosinski, Jason and Clune, Jeff and Bengio, Yoshua and
		  Lipson, Hod},
  booktitle	= nips,
  year		= {2014}
}

@Article{	  radiya2021data,
  title		= {Data poisoning won't save you from facial recognition},
  author	= {Radiya-Dixit, Evani and others},
  journal	= {arXiv:2106.14851},
  year		= {2021}
}

@Article{	  saleh2015large,
  title		= {Large-scale classification of fine-art paintings: Learning
		  the right metric on the right feature},
  author	= {Saleh, Babak and Elgammal, Ahmed},
  journal	= {arXiv:1505.00855},
  year		= {2015}
}

@Article{	  luo2022vc,
  title		= {{VC-GPT}: Visual Conditioned {GPT} for End-to-End Generative
		  Vision-and-Language Pre-training},
  author	= {Luo, Ziyang and Xi, Yadong and Zhang, Rongsheng and Ma,
		  Jing},
  journal	= {arXiv:2201.12723},
  year		= {2022}
}

@InProceedings{	  ramesh2021zero,
  title		= {Zero-shot text-to-image generation},
  author={Ramesh, Aditya and others},
  booktitle	= icml,
  year		= {2021}
}

@Article{	  feinman2017detecting,
  title		= {Detecting adversarial samples from artifacts},
  author	= {Feinman, Reuben and Curtin, Ryan R and Shintre, Saurabh
		  and Gardner, Andrew B},
  journal	= {arXiv:1703.00410},
  year		= {2017}
}

@Article{	  gal2022image,
  title		= {An image is worth one word: Personalizing text-to-image
		  generation using textual inversion},
  author={Gal, Rinon and others},
  journal	= {arXiv:2208.01618},
  year		= {2022}
}

@InProceedings{	  ke2004efficient,
  title		= {Efficient near-duplicate detection and sub-image
		  retrieval},
  author	= {Ke, Yan and others},
  booktitle	= {Proc. of {MM}},
  year		= {2004}
}

@Misc{		  d-mini,
  author	= {Dayma, Boris and others},
  title		= {DALLE Mini},
  year		= {2021}
}

@InProceedings{	  radford2021learning,
  title		= {Learning transferable visual models from natural language
		  supervision},
  author={Radford, Alec and others},
  booktitle	= icml,
  year		= {2021}
}

@article{salehi2021arae,
  title={Arae: Adversarially robust training of autoencoders improves novelty detection},
  author={Salehi, Mohammadreza and others},
  journal={Neural Networks},
  volume={144},
  pages={726--736},
  year={2021},
}

@Article{	  white2016sampling,
  title		= {Sampling generative networks},
  author	= {White, Tom},
  journal	= {arXiv:1609.04468},
  year		= {2016}
}

@InProceedings{	  upchurch2017deep,
  title		= {Deep feature interpolation for image content changes},
  author	= {Upchurch, Paul and others},
  booktitle	= cvpr,
  year		= {2017}
}

@Article{	  zhang2017beyond,
  title		= {Beyond a {Gaussian} denoiser: Residual learning of deep {CNN}
		  for image denoising},
  author	= {Zhang, Kai and others},
  journal	= {IEEE Trans. on Image Processing},
  pages		= {3142--3155},
  year		= {2017},
}

@Article{	  kynkaanniemi2022role,
  title		= {The Role of ImageNet Classes in Fr\'echet Inception
		  Distance},
  author	= {Kynk{\"a}{\"a}nniemi, Tuomas and Karras, Tero and Aittala,
		  Miika and Aila, Timo and Lehtinen, Jaakko},
  journal	= {arXiv:2203.06026},
  year		= {2022}
}

@InProceedings{	  blau2018perception,
  title		= {The perception-distortion tradeoff},
  author	= {Blau, Yochai and Michaeli, Tomer},
  booktitle	= cvpr,
  year		= {2018}
}

@InProceedings{	  karras2020training,
  title		= {Training generative adversarial networks with limited
		  data},
  author={Karras, Tero and others},
  booktitle	= neurips,
  year		= {2020}
}

@Article{	  tabacof2016adversarial,
  title		= {Adversarial images for variational autoencoders},
  author	= {Tabacof, Pedro and Tavares, Julia and Valle, Eduardo},
  journal	= {arXiv:1612.00155},
  year		= {2016}
}

@InProceedings{	  wang2021understanding,
  title		= {Understanding the behaviour of contrastive loss},
  author	= {Wang, Feng and Liu, Huaping},
  booktitle	= cvpr,
  year		= {2021}
}

@InProceedings{	  li2003improving,
  title		= {Improving one-class {SVM} for anomaly detection},
  author	= {Li, Kun-Lun and Huang, Hou-Kuan and Tian, Sheng-Feng and
		  Xu, Wei},
  booktitle	= {Proc. of {IEEE CAT}},
  year		= {2003}
}

@InProceedings{	  saharia2022palette,
  title		= {Palette: Image-to-image diffusion models},
  author	= {Saharia, Chitwan and others},
  booktitle	= {Proc. of {SIGGRAPH}},
  year		= {2022}
}

@InProceedings{wenger2021sok,
  title={{SoK}: Anti-Facial Recognition Technology},
  author={Wenger, Emily and Shan, Shawn and Zheng, Haitao and Zhao, Ben Y.},
  booktitle = oakland,
  year={2023}
}

@inproceedings{shan2022post,
  title={Post-breach recovery: Protection against white-box adversarial examples for leaked DNN models},
  author={Shan, Shawn and Ding, Wenxin and Wenger, Emily and Zheng, Haitao and Zhao, Ben Y.},
  booktitle=ccs,
  year={2022}
}

@inproceedings{shan2020gotta,
  title={Gotta catch'em all: Using honeypots to catch adversarial attacks on neural networks},
  author={Shan, Shawn and Wenger, Emily and Wang, Bolun and Li, Bo and Zheng, Haitao and Zhao, Ben Y.},
  booktitle=ccs,
  year={2020}
}

@inproceedings{wang2019neural,
  title={Neural cleanse: Identifying and mitigating backdoor attacks in neural networks},
  author={Wang, Bolun and Yao, Yuanshun and Shan, Shawn and Li, Huiying and Viswanath, Bimal and Zheng, Haitao and Zhao, Ben Y.},
  booktitle=oakland,
  year={2019},
}

@article{wen2023hard,
  title={Hard prompts made easy: Gradient-based discrete optimization for prompt tuning and discovery},
  author={Wen, Yuxin and others},
  journal={arXiv:2302.03668},
  year={2023}
}

@article{zhang2020smooth,
  title={Smooth adversarial examples},
  author={Zhang, Hanwei and Avrithis, Yannis and Furon, Teddy and Amsaleg, Laurent},
  journal={EURASIP Journal on Information Security},
  pages={1--12},
  year={2020},
}