@String(PAMI = {IEEE Trans. Pattern Anal. Mach. Intell.})
@String(IJCV = {Int. J. Comput. Vis.})
@String(CVPR= {IEEE Conf. Comput. Vis. Pattern Recog.})
@String(ICCV= {Int. Conf. Comput. Vis.})
@String(ECCV= {Eur. Conf. Comput. Vis.})
@String(NIPS= {Adv. Neural Inform. Process. Syst.})
@String(ICPR = {Int. Conf. Pattern Recog.})
@String(BMVC= {Brit. Mach. Vis. Conf.})
@String(TOG= {ACM Trans. Graph.})
@String(TIP  = {IEEE Trans. Image Process.})
@String(TVCG  = {IEEE Trans. Vis. Comput. Graph.})
@String(TMM  = {IEEE Trans. Multimedia})
@String(ACMMM= {ACM Int. Conf. Multimedia})
@String(ICME = {Int. Conf. Multimedia and Expo})
@String(ICASSP=	{ICASSP})
@String(ICIP = {IEEE Int. Conf. Image Process.})
@String(ACCV  = {ACCV})
@String(ICLR = {Int. Conf. Learn. Represent.})
@String(IJCAI = {IJCAI})
@String(PR   = {Pattern Recognition})
@String(AAAI = {AAAI})
@String(CVPRW= {IEEE Conf. Comput. Vis. Pattern Recog. Worksh.})
@String(CSVT = {IEEE Trans. Circuit Syst. Video Technol.})

@String(SPL	= {IEEE Sign. Process. Letters})
@String(VR   = {Vis. Res.})
@String(JOV	 = {J. Vis.})
@String(TVC  = {The Vis. Comput.})
@String(JCST  = {J. Comput. Sci. Tech.})
@String(CGF  = {Comput. Graph. Forum})
@String(CVM = {Computational Visual Media})


@String(PAMI  = {IEEE TPAMI})
@String(IJCV  = {IJCV})
@String(CVPR  = {CVPR})
@String(ICCV  = {ICCV})
@String(ECCV  = {ECCV})
@String(NIPS  = {NeurIPS})
@String(ICPR  = {ICPR})
@String(BMVC  =	{BMVC})
@String(TOG   = {ACM TOG})
@String(TIP   = {IEEE TIP})
@String(TVCG  = {IEEE TVCG})
@String(TCSVT = {IEEE TCSVT})
@String(TMM   =	{IEEE TMM})
@String(ACMMM = {ACM MM})
@String(ICME  =	{ICME})
@String(ICASSP=	{ICASSP})
@String(ICIP  = {ICIP})
@String(ACCV  = {ACCV})
@String(ICLR  = {ICLR})
@String(IJCAI = {IJCAI})
@String(PR = {PR})
@String(AAAI = {AAAI})
@String(CVPRW= {CVPRW})
@String(CSVT = {IEEE TCSVT})

@inproceedings{pan2023drag,
  title={Drag your gan: Interactive point-based manipulation on the generative image manifold},
  author={Pan, Xingang and Tewari, Ayush and Leimk{\"u}hler, Thomas and Liu, Lingjie and Meka, Abhimitra and Theobalt, Christian},
  booktitle={ACM SIGGRAPH 2023 Conference Proceedings},
  pages={1--11},
  year={2023}
}


@inproceedings{peebles2023scalable,
  title={Scalable diffusion models with transformers},
  author={Peebles, William and Xie, Saining},
  booktitle={Proceedings of the IEEE/CVF International Conference on Computer Vision},
  pages={4195--4205},
  year={2023}
}

@article{tevet2022human,
  title={Human motion diffusion model},
  author={Tevet, Guy and Raab, Sigal and Gordon, Brian and Shafir, Yonatan and Cohen-Or, Daniel and Bermano, Amit H},
  journal={arXiv preprint arXiv:2209.14916},
  year={2022}
}

@article{lee2023explicit,
  title={On Explicit Curvature Regularization in Deep Generative Models},
  author={Lee, Yonghyeon and Park, Frank C},
  year={2023}
}

@InProceedings{pmlr-v162-lee22d,
  title = 	 {A Statistical Manifold Framework for Point Cloud Data},
  author =       {Lee, Yonghyeon and Kim, Seungyeon and Choi, Jinwon and Park, Frank},
  booktitle = 	 {Proceedings of the 39th International Conference on Machine Learning},
  pages = 	 {12378--12402},
  year = 	 {2022},
  editor = 	 {Chaudhuri, Kamalika and Jegelka, Stefanie and Song, Le and Szepesvari, Csaba and Niu, Gang and Sabato, Sivan},
  volume = 	 {162},
  series = 	 {Proceedings of Machine Learning Research},
  month = 	 {17--23 Jul},
  publisher =    {PMLR},
  pdf = 	 {https://proceedings.mlr.press/v162/lee22d/lee22d.pdf},
  url = 	 {https://proceedings.mlr.press/v162/lee22d.html},
  abstract = 	 {Many problems in machine learning involve data sets in which each data point is a point cloud in $\mathbb{R}^D$. A growing number of applications require a means of measuring not only distances between point clouds, but also angles, volumes, derivatives, and other more advanced concepts. To formulate and quantify these concepts in a coordinate-invariant way, we develop a Riemannian geometric framework for point cloud data. By interpreting each point in a point cloud as a sample drawn from some given underlying probability density, the space of point cloud data can be given the structure of a statistical manifold – each point on this manifold represents a point cloud – with the Fisher information metric acting as a natural Riemannian metric. Two autoencoder applications of our framework are presented: (i) smoothly deforming one 3D object into another via interpolation between the two corresponding point clouds; (ii) learning an optimal set of latent space coordinates for point cloud data that best preserves angles and distances, and thus produces a more discriminative representation space. Experiments with large-scale standard benchmark point cloud data show greatly improved classification accuracy vis-á-vis existing methods. Code is available at https://github.com/seungyeon-k/SMF-public.}
}


@inproceedings{yonghyeon2021regularized,
  title={Regularized autoencoders for isometric representation learning},
  author={Yonghyeon, LEE and Yoon, Sangwoong and Son, MinJun and Park, Frank C},
  booktitle={International Conference on Learning Representations},
  year={2021}
}

@inproceedings{brooks2023instructpix2pix,
  title={Instructpix2pix: Learning to follow image editing instructions},
  author={Brooks, Tim and Holynski, Aleksander and Efros, Alexei A},
  booktitle={Proceedings of the IEEE/CVF Conference on Computer Vision and Pattern Recognition},
  pages={18392--18402},
  year={2023}
}

@inproceedings{paszke2017automatic,
  title={Automatic differentiation in PyTorch},
  author={Paszke, Adam and Gross, Sam and Chintala, Soumith and Chanan, Gregory and Yang, Edward and DeVito, Zachary and Lin, Zeming and Desmaison, Alban and Antiga, Luca and Lerer, Adam},
  booktitle={NIPS-W},
  year={2017}
}

@inproceedings{deng2009imagenet,
  title={Imagenet: A large-scale hierarchical image database},
  author={Deng, Jia and Dong, Wei and Socher, Richard and Li, Li-Jia and Li, Kai and Fei-Fei, Li},
  booktitle={2009 IEEE conference on computer vision and pattern recognition},
  pages={248--255},
  year={2009},
  organization={Ieee}
}

@article{mokady2022null,
  title={Null-text Inversion for Editing Real Images using Guided Diffusion Models},
  author={Mokady, Ron and Hertz, Amir and Aberman, Kfir and Pritch, Yael and Cohen-Or, Daniel},
  journal={arXiv preprint arXiv:2211.09794},
  year={2022}
}

@article{chung2022improving,
  title={Improving diffusion models for inverse problems using manifold constraints},
  author={Chung, Hyungjin and Sim, Byeongsu and Ryu, Dohoon and Ye, Jong Chul},
  journal={arXiv preprint arXiv:2206.00941},
  year={2022}
}

@article{xu2023open,
  title={Open-vocabulary panoptic segmentation with text-to-image diffusion models},
  author={Xu, Jiarui and Liu, Sifei and Vahdat, Arash and Byeon, Wonmin and Wang, Xiaolong and De Mello, Shalini},
  journal={arXiv preprint arXiv:2303.04803},
  year={2023}
}

@article{ma2023diffusionseg,
  title={DiffusionSeg: Adapting Diffusion Towards Unsupervised Object Discovery},
  author={Ma, Chaofan and Yang, Yuhuan and Ju, Chen and Zhang, Fei and Liu, Jinxiang and Wang, Yu and Zhang, Ya and Wang, Yanfeng},
  journal={arXiv preprint arXiv:2303.09813},
  year={2023}
}

@article{chefer2023attend,
  title={Attend-and-excite: Attention-based semantic guidance for text-to-image diffusion models},
  author={Chefer, Hila and Alaluf, Yuval and Vinker, Yael and Wolf, Lior and Cohen-Or, Daniel},
  journal={arXiv preprint arXiv:2301.13826},
  year={2023}
}

@article{parmar2023zero,
  title={Zero-shot image-to-image translation},
  author={Parmar, Gaurav and Singh, Krishna Kumar and Zhang, Richard and Li, Yijun and Lu, Jingwan and Zhu, Jun-Yan},
  journal={arXiv preprint arXiv:2302.03027},
  year={2023}
}

@article{hertz2022prompt,
  title={Prompt-to-prompt image editing with cross attention control},
  author={Hertz, Amir and Mokady, Ron and Tenenbaum, Jay and Aberman, Kfir and Pritch, Yael and Cohen-Or, Daniel},
  journal={arXiv preprint arXiv:2208.01626},
  year={2022}
}

@article{wu2022uncovering,
  title={Uncovering the Disentanglement Capability in Text-to-Image Diffusion Models},
  author={Wu, Qiucheng and Liu, Yujian and Zhao, Handong and Kale, Ajinkya and Bui, Trung and Yu, Tong and Lin, Zhe and Zhang, Yang and Chang, Shiyu},
  journal={arXiv preprint arXiv:2212.08698},
  year={2022}
}

@inproceedings{lin2014microsoft,
  title={Microsoft coco: Common objects in context},
  author={Lin, Tsung-Yi and Maire, Michael and Belongie, Serge and Hays, James and Perona, Pietro and Ramanan, Deva and Doll{\'a}r, Piotr and Zitnick, C Lawrence},
  booktitle={Computer Vision--ECCV 2014: 13th European Conference, Zurich, Switzerland, September 6-12, 2014, Proceedings, Part V 13},
  pages={740--755},
  year={2014},
  organization={Springer}
}

@book{golub2013matrix,
  title={Matrix computations},
  author={Golub, Gene H and Van Loan, Charles F},
  year={2013},
  publisher={JHU press}
}

@article{miyato2018spectral,
  title={Spectral normalization for generative adversarial networks},
  author={Miyato, Takeru and Kataoka, Toshiki and Koyama, Masanori and Yoshida, Yuichi},
  journal={arXiv preprint arXiv:1802.05957},
  year={2018}
}

@article{townsend2016pymanopt,
  title={Pymanopt: A python toolbox for optimization on manifolds using automatic differentiation},
  author={Townsend, James and Koep, Niklas and Weichwald, Sebastian},
  journal={arXiv preprint arXiv:1603.03236},
  year={2016}
}

@article{choi2022finding,
  title={Finding the global semantic representation in GAN through Frechet Mean},
  author={Choi, Jaewoong and Hwang, Geonho and Cho, Hyunsoo and Kang, Myungjoo},
  journal={arXiv preprint arXiv:2210.05509},
  year={2022}
}

@article{haas2023discovering,
  title={Discovering Interpretable Directions in the Semantic Latent Space of Diffusion Models},
  author={Haas, Ren{\'e} and Huberman-Spiegelglas, Inbar and Mulayoff, Rotem and Michaeli, Tomer},
  journal={arXiv preprint arXiv:2303.11073},
  year={2023}
}

@misc{arfken1999mathematical,
  title={Mathematical methods for physicists},
  author={Arfken, George B and Weber, Hans J},
  year={1999},
  publisher={American Association of Physics Teachers}
}

@article{ho2022classifier,
  title={Classifier-free diffusion guidance},
  author={Ho, Jonathan and Salimans, Tim},
  journal={arXiv preprint arXiv:2207.12598},
  year={2022}
}

@article{arvanitidis2020geometrically,
  title={Geometrically enriched latent spaces},
  author={Arvanitidis, Georgios and Hauberg, S{\o}ren and Sch{\"o}lkopf, Bernhard},
  journal={arXiv preprint arXiv:2008.00565},
  year={2020}
}

@article{daras2022multiresolution,
  title={Multiresolution Textual Inversion},
  author={Daras, Giannis and Dimakis, Alexandros G},
  journal={arXiv preprint arXiv:2211.17115},
  year={2022}
}

@article{ye2016schubert,
  title={Schubert varieties and distances between subspaces of different dimensions},
  author={Ye, Ke and Lim, Lek-Heng},
  journal={SIAM Journal on Matrix Analysis and Applications},
  volume={37},
  number={3},
  pages={1176--1197},
  year={2016},
  publisher={SIAM}
}

@article{zhu2021low,
  title={Low-rank subspaces in gans},
  author={Zhu, Jiapeng and Feng, Ruili and Shen, Yujun and Zhao, Deli and Zha, Zheng-Jun and Zhou, Jingren and Chen, Qifeng},
  journal={Advances in Neural Information Processing Systems},
  volume={34},
  pages={16648--16658},
  year={2021}
}

@inproceedings{chen2018metrics,
  title={Metrics for deep generative models},
  author={Chen, Nutan and Klushyn, Alexej and Kurle, Richard and Jiang, Xueyan and Bayer, Justin and Smagt, Patrick},
  booktitle={International Conference on Artificial Intelligence and Statistics},
  pages={1540--1550},
  year={2018},
  organization={PMLR}
}

@inproceedings{shao2018riemannian,
  title={The riemannian geometry of deep generative models},
  author={Shao, Hang and Kumar, Abhishek and Thomas Fletcher, P},
  booktitle={Proceedings of the IEEE Conference on Computer Vision and Pattern Recognition Workshops},
  pages={315--323},
  year={2018}
}

@article{arvanitidis2017latent,
  title={Latent space oddity: on the curvature of deep generative models},
  author={Arvanitidis, Georgios and Hansen, Lars Kai and Hauberg, S{\o}ren},
  journal={arXiv preprint arXiv:1710.11379},
  year={2017}
}

@article{zhang2022gddim,
  title={gDDIM: Generalized denoising diffusion implicit models},
  author={Zhang, Qinsheng and Tao, Molei and Chen, Yongxin},
  journal={arXiv preprint arXiv:2206.05564},
  year={2022}
}

@article{choi2021not,
  title={Do not escape from the manifold: Discovering the local coordinates on the latent space of GANs},
  author={Choi, Jaewoong and Lee, Junho and Yoon, Changyeon and Park, Jung Ho and Hwang, Geonho and Kang, Myungjoo},
  journal={arXiv preprint arXiv:2106.06959},
  year={2021}
}

@article{liew2022magicmix,
  title={MagicMix: Semantic Mixing with Diffusion Models},
  author={Liew, Jun Hao and Yan, Hanshu and Zhou, Daquan and Feng, Jiashi},
  journal={arXiv preprint arXiv:2210.16056},
  year={2022}
}

@article{tumanyan2022plug,
  title={Plug-and-Play Diffusion Features for Text-Driven Image-to-Image Translation},
  author={Tumanyan, Narek and Geyer, Michal and Bagon, Shai and Dekel, Tali},
  journal={arXiv preprint arXiv:2211.12572},
  year={2022}
}

@article{abdal2021styleflow,
  title={Styleflow: Attribute-conditioned exploration of stylegan-generated images using conditional continuous normalizing flows},
  author={Abdal, Rameen and Zhu, Peihao and Mitra, Niloy J and Wonka, Peter},
  journal={ACM Transactions on Graphics (ToG)},
  volume={40},
  number={3},
  pages={1--21},
  year={2021},
  publisher={ACM New York, NY}
}

@inproceedings{shen2021closed,
  title={Closed-form factorization of latent semantics in gans},
  author={Shen, Yujun and Zhou, Bolei},
  booktitle={Proceedings of the IEEE/CVF Conference on Computer Vision and Pattern Recognition},
  pages={1532--1540},
  year={2021}
}

@article{avrahami2022spatext,
  title={SpaText: Spatio-Textual Representation for Controllable Image Generation},
  author={Avrahami, Omri and Hayes, Thomas and Gafni, Oran and Gupta, Sonal and Taigman, Yaniv and Parikh, Devi and Lischinski, Dani and Fried, Ohad and Yin, Xi},
  journal={arXiv preprint arXiv:2211.14305},
  year={2022}
}

@inproceedings{
watson2022learning,
title={Learning Fast Samplers for Diffusion Models by Differentiating Through Sample Quality},
author={Daniel Watson and William Chan and Jonathan Ho and Mohammad Norouzi},
booktitle={International Conference on Learning Representations},
year={2022},
url={https://openreview.net/forum?id=VFBjuF8HEp}
}
@inproceedings{yu2018bisenet,
  title={Bisenet: Bilateral segmentation network for real-time semantic segmentation},
  author={Yu, Changqian and Wang, Jingbo and Peng, Chao and Gao, Changxin and Yu, Gang and Sang, Nong},
  booktitle={Proceedings of the European conference on computer vision (ECCV)},
  pages={325--341},
  year={2018}
}

@inproceedings{zhou2017scene,
  title={Scene parsing through ade20k dataset},
  author={Zhou, Bolei and Zhao, Hang and Puig, Xavier and Fidler, Sanja and Barriuso, Adela and Torralba, Antonio},
  booktitle={Proceedings of the IEEE conference on computer vision and pattern recognition},
  pages={633--641},
  year={2017}
}

@article{zhou2019semantic,
  title={Semantic understanding of scenes through the ade20k dataset},
  author={Zhou, Bolei and Zhao, Hang and Puig, Xavier and Xiao, Tete and Fidler, Sanja and Barriuso, Adela and Torralba, Antonio},
  journal={International Journal of Computer Vision},
  volume={127},
  number={3},
  pages={302--321},
  year={2019},
  publisher={Springer}
}

@inproceedings{lee2020maskgan,
  title={Maskgan: Towards diverse and interactive facial image manipulation},
  author={Lee, Cheng-Han and Liu, Ziwei and Wu, Lingyun and Luo, Ping},
  booktitle={Proceedings of the IEEE/CVF Conference on Computer Vision and Pattern Recognition},
  pages={5549--5558},
  year={2020}
}

@techreport{rumelhart1985learning,
  title={Learning internal representations by error propagation},
  author={Rumelhart, David E and Hinton, Geoffrey E and Williams, Ronald J},
  year={1985},
  institution={California Univ San Diego La Jolla Inst for Cognitive Science}
}

@article{kingma2013auto,
  title={Auto-encoding variational bayes},
  author={Kingma, Diederik P and Welling, Max},
  journal={arXiv preprint arXiv:1312.6114},
  year={2013}
}

@inproceedings{zhang2018unreasonable,
  title={The unreasonable effectiveness of deep features as a perceptual metric},
  author={Zhang, Richard and Isola, Phillip and Efros, Alexei A and Shechtman, Eli and Wang, Oliver},
  booktitle={Proceedings of the IEEE conference on computer vision and pattern recognition},
  pages={586--595},
  year={2018}
}

@inproceedings{sohl2015deep,
  title={Deep unsupervised learning using nonequilibrium thermodynamics},
  author={Sohl-Dickstein, Jascha and Weiss, Eric and Maheswaranathan, Niru and Ganguli, Surya},
  booktitle={International Conference on Machine Learning},
  pages={2256--2265},
  year={2015},
  organization={PMLR}
}

@article{yu2015lsun,
  title={Lsun: Construction of a large-scale image dataset using deep learning with humans in the loop},
  author={Yu, Fisher and Seff, Ari and Zhang, Yinda and Song, Shuran and Funkhouser, Thomas and Xiao, Jianxiong},
  journal={arXiv preprint arXiv:1506.03365},
  year={2015}
}

@article{kawar2022imagic,
  title={Imagic: Text-Based Real Image Editing with Diffusion Models},
  author={Kawar, Bahjat and Zada, Shiran and Lang, Oran and Tov, Omer and Chang, Huiwen and Dekel, Tali and Mosseri, Inbar and Irani, Michal},
  journal={arXiv preprint arXiv:2210.09276},
  year={2022}
}

@article{kwon2022diffusion,
  title={Diffusion Models already have a Semantic Latent Space},
  author={Kwon, Mingi and Jeong, Jaeseok and Uh, Youngjung},
  journal={arXiv preprint arXiv:2210.10960},
  year={2022}
}

@inproceedings{liu2015faceattributes,
  title = {Deep Learning Face Attributes in the Wild},
  author = {Liu, Ziwei and Luo, Ping and Wang, Xiaogang and Tang, Xiaoou},
  booktitle = {Proceedings of International Conference on Computer Vision (ICCV)},
  month = {December},
  year = {2015} 
}

@inproceedings{karras2020analyzing,
  title={Analyzing and improving the image quality of stylegan},
  author={Karras, Tero and Laine, Samuli and Aittala, Miika and Hellsten, Janne and Lehtinen, Jaakko and Aila, Timo},
  booktitle={Proceedings of the IEEE/CVF conference on computer vision and pattern recognition},
  pages={8110--8119},
  year={2020}
}

@inproceedings{gatys2016image,
  title={Image style transfer using convolutional neural networks},
  author={Gatys, Leon A and Ecker, Alexander S and Bethge, Matthias},
  booktitle={Proceedings of the IEEE conference on computer vision and pattern recognition},
  pages={2414--2423},
  year={2016}
}

@inproceedings{choi2018stargan,
  title={Stargan: Unified generative adversarial networks for multi-domain image-to-image translation},
  author={Choi, Yunjey and Choi, Minje and Kim, Munyoung and Ha, Jung-Woo and Kim, Sunghun and Choo, Jaegul},
  booktitle={Proceedings of the IEEE conference on computer vision and pattern recognition},
  pages={8789--8797},
  year={2018}
}

@article{ramesh2022hierarchical,
  title={Hierarchical text-conditional image generation with clip latents},
  author={Ramesh, Aditya and Dhariwal, Prafulla and Nichol, Alex and Chu, Casey and Chen, Mark},
  journal={arXiv preprint arXiv:2204.06125},
  year={2022}
}

@article{jolicoeur2021gotta,
  title={Gotta go fast when generating data with score-based models},
  author={Jolicoeur-Martineau, Alexia and Li, Ke and Pich{\'e}-Taillefer, R{\'e}mi and Kachman, Tal and Mitliagkas, Ioannis},
  journal={arXiv preprint arXiv:2105.14080},
  year={2021}
}

@inproceedings{saharia2022palette,
  title={Palette: Image-to-image diffusion models},
  author={Saharia, Chitwan and Chan, William and Chang, Huiwen and Lee, Chris and Ho, Jonathan and Salimans, Tim and Fleet, David and Norouzi, Mohammad},
  booktitle={ACM SIGGRAPH 2022 Conference Proceedings},
  pages={1--10},
  year={2022}
}

@article{baranchuk2021label,
  title={Label-efficient semantic segmentation with diffusion models},
  author={Baranchuk, Dmitry and Rubachev, Ivan and Voynov, Andrey and Khrulkov, Valentin and Babenko, Artem},
  journal={arXiv preprint arXiv:2112.03126},
  year={2021}
}

@inproceedings{deng2019arcface,
  title={Arcface: Additive angular margin loss for deep face recognition},
  author={Deng, Jiankang and Guo, Jia and Xue, Niannan and Zafeiriou, Stefanos},
  booktitle={Proceedings of the IEEE/CVF conference on computer vision and pattern recognition},
  pages={4690--4699},
  year={2019}
}

@article{heusel2017gans,
  title={Gans trained by a two time-scale update rule converge to a local nash equilibrium},
  author={Heusel, Martin and Ramsauer, Hubert and Unterthiner, Thomas and Nessler, Bernhard and Hochreiter, Sepp},
  journal={Advances in neural information processing systems},
  volume={30},
  year={2017}
}

@article{liu2022pseudo,
  title={Pseudo numerical methods for diffusion models on manifolds},
  author={Liu, Luping and Ren, Yi and Lin, Zhijie and Zhao, Zhou},
  journal={arXiv preprint arXiv:2202.09778},
  year={2022}
}

@article{lu2022dpm,
  title={DPM-Solver: A Fast ODE Solver for Diffusion Probabilistic Model Sampling in Around 10 Steps},
  author={Lu, Cheng and Zhou, Yuhao and Bao, Fan and Chen, Jianfei and Li, Chongxuan and Zhu, Jun},
  journal={arXiv preprint arXiv:2206.00927},
  year={2022}
}

@inproceedings{huang2017arbitrary,
  title={Arbitrary style transfer in real-time with adaptive instance normalization},
  author={Huang, Xun and Belongie, Serge},
  booktitle={Proceedings of the IEEE international conference on computer vision},
  pages={1501--1510},
  year={2017}
}

@inproceedings{johnson2016perceptual,
  title={Perceptual losses for real-time style transfer and super-resolution},
  author={Johnson, Justin and Alahi, Alexandre and Fei-Fei, Li},
  booktitle={European conference on computer vision},
  pages={694--711},
  year={2016},
  organization={Springer}
}

@article{ho2022imagen,
  title={Imagen video: High definition video generation with diffusion models},
  author={Ho, Jonathan and Chan, William and Saharia, Chitwan and Whang, Jay and Gao, Ruiqi and Gritsenko, Alexey and Kingma, Diederik P and Poole, Ben and Norouzi, Mohammad and Fleet, David J and others},
  journal={arXiv preprint arXiv:2210.02303},
  year={2022}
}

@article{dumoulin2016learned,
  title={A learned representation for artistic style},
  author={Dumoulin, Vincent and Shlens, Jonathon and Kudlur, Manjunath},
  journal={arXiv preprint arXiv:1610.07629},
  year={2016}
}

@inproceedings{yanai2017conditional,
  title={Conditional fast style transfer network},
  author={Yanai, Keiji and Tanno, Ryosuke},
  booktitle={Proceedings of the 2017 ACM on International Conference on Multimedia Retrieval},
  pages={434--437},
  year={2017}
}

@article{an2020real,
  title={Real-time universal style transfer on high-resolution images via zero-channel pruning},
  author={An, Jie and Li, Tao and Huang, Haozhi and Shen, Li and Wang, Xuan and Tang, Yongyi and Ma, Jinwen and Liu, Wei and Luo, Jiebo},
  journal={arXiv preprint arXiv:2006.09029},
  year={2020}
}

@article{park2020swapping,
  title={Swapping autoencoder for deep image manipulation},
  author={Park, Taesung and Zhu, Jun-Yan and Wang, Oliver and Lu, Jingwan and Shechtman, Eli and Efros, Alexei and Zhang, Richard},
  journal={Advances in Neural Information Processing Systems},
  volume={33},
  pages={7198--7211},
  year={2020}
}

@inproceedings{karras2019style,
  title={A style-based generator architecture for generative adversarial networks},
  author={Karras, Tero and Laine, Samuli and Aila, Timo},
  booktitle={Proceedings of the IEEE/CVF conference on computer vision and pattern recognition},
  pages={4401--4410},
  year={2019}
}

@inproceedings{wu2022ccpl,
  title={CCPL: Contrastive Coherence Preserving Loss for Versatile Style Transfer},
  author={Wu, Zijie and Zhu, Zhen and Du, Junping and Bai, Xiang},
  booktitle={European Conference on Computer Vision},
  pages={189--206},
  year={2022},
  organization={Springer}
}

@article{deng2021stytr,
  title={StyTr\^{} 2: Unbiased Image Style Transfer with Transformers},
  author={Deng, Yingying and Tang, Fan and Pan, Xingjia and Dong, Weiming and Ma, Chongyang and Xu, Changsheng},
  journal={arXiv preprint arXiv:2105.14576},
  year={2021}
}

@inproceedings{kim2021exploiting,
  title={Exploiting spatial dimensions of latent in gan for real-time image editing},
  author={Kim, Hyunsu and Choi, Yunjey and Kim, Junho and Yoo, Sungjoo and Uh, Youngjung},
  booktitle={Proceedings of the IEEE/CVF Conference on Computer Vision and Pattern Recognition},
  pages={852--861},
  year={2021}
}

@inproceedings{lin2021drafting,
  title={Drafting and revision: Laplacian pyramid network for fast high-quality artistic style transfer},
  author={Lin, Tianwei and Ma, Zhuoqi and Li, Fu and He, Dongliang and Li, Xin and Ding, Errui and Wang, Nannan and Li, Jie and Gao, Xinbo},
  booktitle={Proceedings of the IEEE/CVF Conference on Computer Vision and Pattern Recognition},
  pages={5141--5150},
  year={2021}
}

@inproceedings{huang2018multimodal,
  title={Multimodal unsupervised image-to-image translation},
  author={Huang, Xun and Liu, Ming-Yu and Belongie, Serge and Kautz, Jan},
  booktitle={Proceedings of the European conference on computer vision (ECCV)},
  pages={172--189},
  year={2018}
}

@inproceedings{chen2017stylebank,
  title={Stylebank: An explicit representation for neural image style transfer},
  author={Chen, Dongdong and Yuan, Lu and Liao, Jing and Yu, Nenghai and Hua, Gang},
  booktitle={Proceedings of the IEEE conference on computer vision and pattern recognition},
  pages={1897--1906},
  year={2017}
}

@article{nichol2021glide,
  title={Glide: Towards photorealistic image generation and editing with text-guided diffusion models},
  author={Nichol, Alex and Dhariwal, Prafulla and Ramesh, Aditya and Shyam, Pranav and Mishkin, Pamela and McGrew, Bob and Sutskever, Ilya and Chen, Mark},
  journal={arXiv preprint arXiv:2112.10741},
  year={2021}
}

@article{gafni2022make,
  title={Make-a-scene: Scene-based text-to-image generation with human priors},
  author={Gafni, Oran and Polyak, Adam and Ashual, Oron and Sheynin, Shelly and Parikh, Devi and Taigman, Yaniv},
  journal={arXiv preprint arXiv:2203.13131},
  year={2022}
}

@article{balaji2022ediffi,
  title={eDiffi: Text-to-Image Diffusion Models with an Ensemble of Expert Denoisers},
  author={Balaji, Yogesh and Nah, Seungjun and Huang, Xun and Vahdat, Arash and Song, Jiaming and Kreis, Karsten and Aittala, Miika and Aila, Timo and Laine, Samuli and Catanzaro, Bryan and others},
  journal={arXiv preprint arXiv:2211.01324},
  year={2022}
}

@article{saharia2022photorealistic,
  title={Photorealistic Text-to-Image Diffusion Models with Deep Language Understanding},
  author={Saharia, Chitwan and Chan, William and Saxena, Saurabh and Li, Lala and Whang, Jay and Denton, Emily and Ghasemipour, Seyed Kamyar Seyed and Ayan, Burcu Karagol and Mahdavi, S Sara and Lopes, Rapha Gontijo and others},
  journal={arXiv preprint arXiv:2205.11487},
  year={2022}
}

@article{song2020score,
  title={Score-based generative modeling through stochastic differential equations},
  author={Song, Yang and Sohl-Dickstein, Jascha and Kingma, Diederik P and Kumar, Abhishek and Ermon, Stefano and Poole, Ben},
  journal={arXiv preprint arXiv:2011.13456},
  year={2020}
}

@article{goodfellow2020generative,
  title={Generative adversarial networks},
  author={Goodfellow, Ian and Pouget-Abadie, Jean and Mirza, Mehdi and Xu, Bing and Warde-Farley, David and Ozair, Sherjil and Courville, Aaron and Bengio, Yoshua},
  journal={Communications of the ACM},
  volume={63},
  number={11},
  pages={139--144},
  year={2020},
  publisher={ACM New York, NY, USA}
}

@inproceedings{patashnik2021styleclip,
  title={Styleclip: Text-driven manipulation of stylegan imagery},
  author={Patashnik, Or and Wu, Zongze and Shechtman, Eli and Cohen-Or, Daniel and Lischinski, Dani},
  booktitle={Proceedings of the IEEE/CVF International Conference on Computer Vision},
  pages={2085--2094},
  year={2021}
}

@article{ho2020denoising,
  title={Denoising diffusion probabilistic models},
  author={Ho, Jonathan and Jain, Ajay and Abbeel, Pieter},
  journal={Advances in Neural Information Processing Systems},
  volume={33},
  pages={6840--6851},
  year={2020}
}


@inproceedings{nichol2021improved,
  title={Improved denoising diffusion probabilistic models},
  author={Nichol, Alexander Quinn and Dhariwal, Prafulla},
  booktitle={International Conference on Machine Learning},
  pages={8162--8171},
  year={2021},
  organization={PMLR}
}

@article{song2020denoising,
  title={Denoising diffusion implicit models},
  author={Song, Jiaming and Meng, Chenlin and Ermon, Stefano},
  journal={arXiv preprint arXiv:2010.02502},
  year={2020}
}

@article{ho2022video,
  title={Video diffusion models},
  author={Ho, Jonathan and Salimans, Tim and Gritsenko, Alexey and Chan, William and Norouzi, Mohammad and Fleet, David J},
  journal={arXiv preprint arXiv:2204.03458},
  year={2022}
}

@article{gal2021stylegan,
  title={Stylegan-nada: Clip-guided domain adaptation of image generators},
  author={Gal, Rinon and Patashnik, Or and Maron, Haggai and Chechik, Gal and Cohen-Or, Daniel},
  journal={arXiv preprint arXiv:2108.00946},
  year={2021}
}

@article{kong2020diffwave,
  title={Diffwave: A versatile diffusion model for audio synthesis},
  author={Kong, Zhifeng and Ping, Wei and Huang, Jiaji and Zhao, Kexin and Catanzaro, Bryan},
  journal={arXiv preprint arXiv:2009.09761},
  year={2020}
}

@article{anand2022protein,
  title={Protein Structure and Sequence Generation with Equivariant Denoising Diffusion Probabilistic Models},
  author={Anand, Namrata and Achim, Tudor},
  journal={arXiv preprint arXiv:2205.15019},
  year={2022}
}

@article{austin2021structured,
  title={Structured denoising diffusion models in discrete state-spaces},
  author={Austin, Jacob and Johnson, Daniel D and Ho, Jonathan and Tarlow, Daniel and van den Berg, Rianne},
  journal={Advances in Neural Information Processing Systems},
  volume={34},
  pages={17981--17993},
  year={2021}
}

@article{ling2021editgan,
  title={Editgan: High-precision semantic image editing},
  author={Ling, Huan and Kreis, Karsten and Li, Daiqing and Kim, Seung Wook and Torralba, Antonio and Fidler, Sanja},
  journal={Advances in Neural Information Processing Systems},
  volume={34},
  pages={16331--16345},
  year={2021}
}

@article{harkonen2020ganspace,
  title={Ganspace: Discovering interpretable gan controls},
  author={H{\"a}rk{\"o}nen, Erik and Hertzmann, Aaron and Lehtinen, Jaakko and Paris, Sylvain},
  journal={Advances in Neural Information Processing Systems},
  volume={33},
  pages={9841--9850},
  year={2020}
}

@article{chefer2021image,
  title={Image-based clip-guided essence transfer},
  author={Chefer, Hila and Benaim, Sagie and Paiss, Roni and Wolf, Lior},
  journal={arXiv preprint arXiv:2110.12427},
  year={2021}
}

@article{shen2020interfacegan,
  title={Interfacegan: Interpreting the disentangled face representation learned by gans},
  author={Shen, Yujun and Yang, Ceyuan and Tang, Xiaoou and Zhou, Bolei},
  journal={IEEE transactions on pattern analysis and machine intelligence},
  year={2020},
  publisher={IEEE}
}

@inproceedings{yuksel2021latentclr,
  title={Latentclr: A contrastive learning approach for unsupervised discovery of interpretable directions},
  author={Y{\"u}ksel, O{\u{g}}uz Kaan and Simsar, Enis and Er, Ezgi G{\"u}lperi and Yanardag, Pinar},
  booktitle={Proceedings of the IEEE/CVF International Conference on Computer Vision},
  pages={14263--14272},
  year={2021}
}

@article{dai2019style,
  title={Style transformer: Unpaired text style transfer without disentangled latent representation},
  author={Dai, Ning and Liang, Jianze and Qiu, Xipeng and Huang, Xuanjing},
  journal={arXiv preprint arXiv:1905.05621},
  year={2019}
}

@inproceedings{xu2022predict,
  title={Predict, Prevent, and Evaluate: Disentangled Text-Driven Image Manipulation Empowered by Pre-Trained Vision-Language Model},
  author={Xu, Zipeng and Lin, Tianwei and Tang, Hao and Li, Fu and He, Dongliang and Sebe, Nicu and Timofte, Radu and Van Gool, Luc and Ding, Errui},
  booktitle={Proceedings of the IEEE/CVF Conference on Computer Vision and Pattern Recognition},
  pages={18229--18238},
  year={2022}
}

@article{janner2022planning,
  title={Planning with Diffusion for Flexible Behavior Synthesis},
  author={Janner, Michael and Du, Yilun and Tenenbaum, Joshua B and Levine, Sergey},
  journal={arXiv preprint arXiv:2205.09991},
  year={2022}
}

@article{wang2022semantic,
  title={Semantic image synthesis via diffusion models},
  author={Wang, Weilun and Bao, Jianmin and Zhou, Wengang and Chen, Dongdong and Chen, Dong and Yuan, Lu and Li, Houqiang},
  journal={arXiv preprint arXiv:2207.00050},
  year={2022}
}

@article{kim2021diffusionclip,
  title={Diffusionclip: Text-guided image manipulation using diffusion models},
  author={Kim, Gwanghyun and Ye, Jong Chul},
  year={2021}
}

@article{choi2021ilvr,
  title={Ilvr: Conditioning method for denoising diffusion probabilistic models},
  author={Choi, Jooyoung and Kim, Sungwon and Jeong, Yonghyun and Gwon, Youngjune and Yoon, Sungroh},
  journal={arXiv preprint arXiv:2108.02938},
  year={2021}
}

@inproceedings{lugmayr2022repaint,
  title={Repaint: Inpainting using denoising diffusion probabilistic models},
  author={Lugmayr, Andreas and Danelljan, Martin and Romero, Andres and Yu, Fisher and Timofte, Radu and Van Gool, Luc},
  booktitle={Proceedings of the IEEE/CVF Conference on Computer Vision and Pattern Recognition},
  pages={11461--11471},
  year={2022}
}

@article{meng2021sdedit,
  title={Sdedit: Image synthesis and editing with stochastic differential equations},
  author={Meng, Chenlin and Song, Yang and Song, Jiaming and Wu, Jiajun and Zhu, Jun-Yan and Ermon, Stefano},
  journal={arXiv preprint arXiv:2108.01073},
  year={2021}
}

@article{dhariwal2021diffusion,
  title={Diffusion models beat gans on image synthesis},
  author={Dhariwal, Prafulla and Nichol, Alexander},
  journal={Advances in Neural Information Processing Systems},
  volume={34},
  pages={8780--8794},
  year={2021}
}

@inproceedings{avrahami2022blended,
  title={Blended diffusion for text-driven editing of natural images},
  author={Avrahami, Omri and Lischinski, Dani and Fried, Ohad},
  booktitle={Proceedings of the IEEE/CVF Conference on Computer Vision and Pattern Recognition},
  pages={18208--18218},
  year={2022}
}

@article{liu2021more,
  title={More control for free! image synthesis with semantic diffusion guidance},
  author={Liu, Xihui and Park, Dong Huk and Azadi, Samaneh and Zhang, Gong and Chopikyan, Arman and Hu, Yuxiao and Shi, Humphrey and Rohrbach, Anna and Darrell, Trevor},
  journal={arXiv preprint arXiv:2112.05744},
  year={2021}
}

@inproceedings{sehwag2022generating,
  title={Generating High Fidelity Data from Low-density Regions using Diffusion Models},
  author={Sehwag, Vikash and Hazirbas, Caner and Gordo, Albert and Ozgenel, Firat and Canton, Cristian},
  booktitle={Proceedings of the IEEE/CVF Conference on Computer Vision and Pattern Recognition},
  pages={11492--11501},
  year={2022}
}

@inproceedings{preechakul2022diffusion,
  title={Diffusion autoencoders: Toward a meaningful and decodable representation},
  author={Preechakul, Konpat and Chatthee, Nattanat and Wizadwongsa, Suttisak and Suwajanakorn, Supasorn},
  booktitle={Proceedings of the IEEE/CVF Conference on Computer Vision and Pattern Recognition},
  pages={10619--10629},
  year={2022}
}

@inproceedings{rombach2022high,
  title={High-resolution image synthesis with latent diffusion models},
  author={Rombach, Robin and Blattmann, Andreas and Lorenz, Dominik and Esser, Patrick and Ommer, Bj{\"o}rn},
  booktitle={Proceedings of the IEEE/CVF Conference on Computer Vision and Pattern Recognition},
  pages={10684--10695},
  year={2022}
}

@inproceedings{choi2022perception,
  title={Perception Prioritized Training of Diffusion Models},
  author={Choi, Jooyoung and Lee, Jungbeom and Shin, Chaehun and Kim, Sungwon and Kim, Hyunwoo and Yoon, Sungroh},
  booktitle={Proceedings of the IEEE/CVF Conference on Computer Vision and Pattern Recognition},
  pages={11472--11481},
  year={2022}
}

@article{vahdat2021score,
  title={Score-based generative modeling in latent space},
  author={Vahdat, Arash and Kreis, Karsten and Kautz, Jan},
  journal={Advances in Neural Information Processing Systems},
  volume={34},
  pages={11287--11302},
  year={2021}
}

@article{karras2022elucidating,
  title={Elucidating the Design Space of Diffusion-Based Generative Models},
  author={Karras, Tero and Aittala, Miika and Aila, Timo and Laine, Samuli},
  journal={arXiv preprint arXiv:2206.00364},
  year={2022}
}

@inproceedings{radford2021learning,
  title={Learning transferable visual models from natural language supervision},
  author={Radford, Alec and Kim, Jong Wook and Hallacy, Chris and Ramesh, Aditya and Goh, Gabriel and Agarwal, Sandhini and Sastry, Girish and Askell, Amanda and Mishkin, Pamela and Clark, Jack and others},
  booktitle={International Conference on Machine Learning},
  pages={8748--8763},
  year={2021},
  organization={PMLR}
}

@inproceedings{chung2022come,
  title={Come-closer-diffuse-faster: Accelerating conditional diffusion models for inverse problems through stochastic contraction},
  author={Chung, Hyungjin and Sim, Byeongsu and Ye, Jong Chul},
  booktitle={Proceedings of the IEEE/CVF Conference on Computer Vision and Pattern Recognition},
  pages={12413--12422},
  year={2022}
}

@inproceedings{karras2018progressive,
  title={Progressive Growing of GANs for Improved Quality, Stability, and Variation},
  author={Karras, Tero and Aila, Timo and Laine, Samuli and Lehtinen, Jaakko},
  booktitle={International Conference on Learning Representations},
  year={2018}
}

@article{karras2020training,
  title={Training generative adversarial networks with limited data},
  author={Karras, Tero and Aittala, Miika and Hellsten, Janne and Laine, Samuli and Lehtinen, Jaakko and Aila, Timo},
  journal={Advances in Neural Information Processing Systems},
  volume={33},
  pages={12104--12114},
  year={2020}
}

@inproceedings{choi2020stargan,
  title={Stargan v2: Diverse image synthesis for multiple domains},
  author={Choi, Yunjey and Uh, Youngjung and Yoo, Jaejun and Ha, Jung-Woo},
  booktitle={Proceedings of the IEEE/CVF conference on computer vision and pattern recognition},
  pages={8188--8197},
  year={2020}
}

@article{ramesh2018spectral,
  title={A spectral regularizer for unsupervised disentanglement},
  author={Ramesh, Aditya and Choi, Youngduck and LeCun, Yann},
  journal={arXiv preprint arXiv:1812.01161},
  year={2018}
}