% InstructGPT
@misc{ouyang2022training,
      title={Training language models to follow instructions with human feedback}, 
      author={Long Ouyang and Jeff Wu and Xu Jiang and Diogo Almeida and Carroll L. Wainwright and Pamela Mishkin and Chong Zhang and Sandhini Agarwal and Katarina Slama and Alex Ray and John Schulman and Jacob Hilton and Fraser Kelton and Luke Miller and Maddie Simens and Amanda Askell and Peter Welinder and Paul Christiano and Jan Leike and Ryan Lowe},
      year={2022},
      eprint={2203.02155},
      archivePrefix={arXiv},
      primaryClass={cs.CL}
}

% PPO
@misc{schulman2017proximal,
      title={Proximal Policy Optimization Algorithms}, 
      author={John Schulman and Filip Wolski and Prafulla Dhariwal and Alec Radford and Oleg Klimov},
      year={2017},
      eprint={1707.06347},
      archivePrefix={arXiv},
      primaryClass={cs.LG}
}

% DPO
@misc{rafailov2023direct,
      title={Direct Preference Optimization: Your Language Model is Secretly a Reward Model}, 
      author={Rafael Rafailov and Archit Sharma and Eric Mitchell and Stefano Ermon and Christopher D. Manning and Chelsea Finn},
      year={2023},
      eprint={2305.18290},
      archivePrefix={arXiv},
      primaryClass={cs.LG}
}

% cDPO
@misc{cdpo,
    author={Eric Mitchell},
    title={A note on DPO with noisy preferences \& relationship to IPO},
    year={2023},
    howpublished="\url{https://ericmitchell.ai/cdpo.pdf}"
}

% Open LLM Leaderboard
@misc{open-llm-leaderboard,
  author = {Edward Beeching and Cl√©mentine Fourrier and Nathan Habib and Sheon Han and Nathan Lambert and Nazneen Rajani and Omar Sanseviero and Lewis Tunstall and Thomas Wolf},
  title = {Open LLM Leaderboard},
  year = {2023},
  publisher = {Hugging Face},
  howpublished = "\url{https://huggingface.co/spaces/HuggingFaceH4/open_llm_leaderboard}"
}
@software{eval-harness,
  author       = {Gao, Leo and
                  Tow, Jonathan and
                  Biderman, Stella and
                  Black, Sid and
                  DiPofi, Anthony and
                  Foster, Charles and
                  Golding, Laurence and
                  Hsu, Jeffrey and
                  McDonell, Kyle and
                  Muennighoff, Niklas and
                  Phang, Jason and
                  Reynolds, Laria and
                  Tang, Eric and
                  Thite, Anish and
                  Wang, Ben and
                  Wang, Kevin and
                  Zou, Andy},
  title        = {A framework for few-shot language model evaluation},
  month        = sep,
  year         = 2021,
  publisher    = {Zenodo},
  version      = {v0.0.1},
  doi          = {10.5281/zenodo.5371628},
  url          = {https://doi.org/10.5281/zenodo.5371628}
}
@misc{clark2018think,
      title={Think you have Solved Question Answering? Try ARC, the AI2 Reasoning Challenge},
      author={Peter Clark and Isaac Cowhey and Oren Etzioni and Tushar Khot and Ashish Sabharwal and Carissa Schoenick and Oyvind Tafjord},
      year={2018},
      eprint={1803.05457},
      archivePrefix={arXiv},
      primaryClass={cs.AI}
}
@misc{zellers2019hellaswag,
      title={HellaSwag: Can a Machine Really Finish Your Sentence?},
      author={Rowan Zellers and Ari Holtzman and Yonatan Bisk and Ali Farhadi and Yejin Choi},
      year={2019},
      eprint={1905.07830},
      archivePrefix={arXiv},
      primaryClass={cs.CL}
}
@misc{hendrycks2021measuring,
      title={Measuring Massive Multitask Language Understanding},
      author={Dan Hendrycks and Collin Burns and Steven Basart and Andy Zou and Mantas Mazeika and Dawn Song and Jacob Steinhardt},
      year={2021},
      eprint={2009.03300},
      archivePrefix={arXiv},
      primaryClass={cs.CY}
}
@misc{lin2022truthfulqa,
      title={TruthfulQA: Measuring How Models Mimic Human Falsehoods},
      author={Stephanie Lin and Jacob Hilton and Owain Evans},
      year={2022},
      eprint={2109.07958},
      archivePrefix={arXiv},
      primaryClass={cs.CL}
}
@misc{DBLP:journals/corr/abs-1907-10641,
      title={{WINOGRANDE:} An Adversarial Winograd Schema Challenge at Scale},
      author={Keisuke Sakaguchi and Ronan Le Bras and Chandra Bhagavatula and Yejin Choi},
      year={2019},
      eprint={1907.10641},
      archivePrefix={arXiv},
      primaryClass={cs.CL}
}
@misc{DBLP:journals/corr/abs-2110-14168,
      title={Training Verifiers to Solve Math Word Problems},
      author={Karl Cobbe and
                  Vineet Kosaraju and
                  Mohammad Bavarian and
                  Mark Chen and
                  Heewoo Jun and
                  Lukasz Kaiser and
                  Matthias Plappert and
                  Jerry Tworek and
                  Jacob Hilton and
                  Reiichiro Nakano and
                  Christopher Hesse and
                  John Schulman},
      year={2021},
      eprint={2110.14168},
      archivePrefix={arXiv},
      primaryClass={cs.CL}
}


% Alignment hurts
@misc{bekbayev2023poison,
      title={The Poison of Alignment}, 
      author={Aibek Bekbayev and Sungbae Chun and Yerzat Dulat and James Yamazaki},
      year={2023},
      eprint={2308.13449},
      archivePrefix={arXiv},
      primaryClass={cs.CL}
}

% Alignment hurts small models
@misc{bai2022training,
      title={Training a Helpful and Harmless Assistant with Reinforcement Learning from Human Feedback}, 
      author={Yuntao Bai and Andy Jones and Kamal Ndousse and Amanda Askell and Anna Chen and Nova DasSarma and Dawn Drain and Stanislav Fort and Deep Ganguli and Tom Henighan and Nicholas Joseph and Saurav Kadavath and Jackson Kernion and Tom Conerly and Sheer El-Showk and Nelson Elhage and Zac Hatfield-Dodds and Danny Hernandez and Tristan Hume and Scott Johnston and Shauna Kravec and Liane Lovitt and Neel Nanda and Catherine Olsson and Dario Amodei and Tom Brown and Jack Clark and Sam McCandlish and Chris Olah and Ben Mann and Jared Kaplan},
      year={2022},
      eprint={2204.05862},
      archivePrefix={arXiv},
      primaryClass={cs.CL}
}

% OBQA
@misc{mihaylov2018suit,
      title={Can a Suit of Armor Conduct Electricity? A New Dataset for Open Book Question Answering}, 
      author={Todor Mihaylov and Peter Clark and Tushar Khot and Ashish Sabharwal},
      year={2018},
      eprint={1809.02789},
      archivePrefix={arXiv},
      primaryClass={cs.CL}
}

% BoolQ
@misc{clark2019boolq,
      title={BoolQ: Exploring the Surprising Difficulty of Natural Yes/No Questions}, 
      author={Christopher Clark and Kenton Lee and Ming-Wei Chang and Tom Kwiatkowski and Michael Collins and Kristina Toutanova},
      year={2019},
      eprint={1905.10044},
      archivePrefix={arXiv},
      primaryClass={cs.CL}
}

% PIQA
@misc{bisk2019piqa,
      title={PIQA: Reasoning about Physical Commonsense in Natural Language}, 
      author={Yonatan Bisk and Rowan Zellers and Ronan Le Bras and Jianfeng Gao and Yejin Choi},
      year={2019},
      eprint={1911.11641},
      archivePrefix={arXiv},
      primaryClass={cs.CL}
}

% GLUE
@misc{wang2019glue,
      title={GLUE: A Multi-Task Benchmark and Analysis Platform for Natural Language Understanding}, 
      author={Alex Wang and Amanpreet Singh and Julian Michael and Felix Hill and Omer Levy and Samuel R. Bowman},
      year={2019},
      eprint={1804.07461},
      archivePrefix={arXiv},
      primaryClass={cs.CL}
}

% RACE
@misc{lai2017race,
      title={RACE: Large-scale ReAding Comprehension Dataset From Examinations}, 
      author={Guokun Lai and Qizhe Xie and Hanxiao Liu and Yiming Yang and Eduard Hovy},
      year={2017},
      eprint={1704.04683},
      archivePrefix={arXiv},
      primaryClass={cs.CL}
}

% SQuAD
@inproceedings{rajpurkar-etal-2018-know,
    title = "Know What You Don{'}t Know: Unanswerable Questions for {SQ}u{AD}",
    author = "Rajpurkar, Pranav  and
      Jia, Robin  and
      Liang, Percy",
    editor = "Gurevych, Iryna  and
      Miyao, Yusuke",
    booktitle = "Proceedings of the 56th Annual Meeting of the Association for Computational Linguistics (Volume 2: Short Papers)",
    month = jul,
    year = "2018",
    address = "Melbourne, Australia",
    publisher = "Association for Computational Linguistics",
    url = "https://aclanthology.org/P18-2124",
    doi = "10.18653/v1/P18-2124",
    pages = "784--789",
    eprint={1806.03822},
    archivePrefix={arXiv},
    primaryClass={cs.CL}
}
@inproceedings{rajpurkar-etal-2016-squad,
    title = "{SQ}u{AD}: 100,000+ Questions for Machine Comprehension of Text",
    author = "Rajpurkar, Pranav  and
      Zhang, Jian  and
      Lopyrev, Konstantin  and
      Liang, Percy",
    editor = "Su, Jian  and
      Duh, Kevin  and
      Carreras, Xavier",
    booktitle = "Proceedings of the 2016 Conference on Empirical Methods in Natural Language Processing",
    month = nov,
    year = "2016",
    address = "Austin, Texas",
    publisher = "Association for Computational Linguistics",
    url = "https://aclanthology.org/D16-1264",
    doi = "10.18653/v1/D16-1264",
    pages = "2383--2392",
    eprint={1606.05250},
    archivePrefix={arXiv},
    primaryClass={cs.CL},
}

%Alpaca
@misc{alpaca,
  author = {Rohan Taori and Ishaan Gulrajani and Tianyi Zhang and Yann Dubois and Xuechen Li and Carlos Guestrin and Percy Liang and Tatsunori B. Hashimoto },
  title = {Stanford Alpaca: An Instruction-following LLaMA model},
  year = {2023},
  publisher = {GitHub},
  journal = {GitHub repository},
  howpublished = {\url{https://github.com/tatsu-lab/stanford_alpaca}},
}

% OpenOrca
@misc{OpenOrca,
  title = {OpenOrca: An Open Dataset of GPT Augmented FLAN Reasoning Traces},
  author = {Wing Lian and Bleys Goodson and Eugene Pentland and Austin Cook and Chanvichet Vong and "Teknium"},
  year = {2023},
  publisher = {HuggingFace},
  journal = {HuggingFace repository},
  howpublished = {\url{https://https://huggingface.co/Open-Orca/OpenOrca}},
}

% UltraFeedback
@misc{cui2023ultrafeedback,
      title={UltraFeedback: Boosting Language Models with High-quality Feedback}, 
      author={Ganqu Cui and Lifan Yuan and Ning Ding and Guanming Yao and Wei Zhu and Yuan Ni and Guotong Xie and Zhiyuan Liu and Maosong Sun},
      year={2023},
      eprint={2310.01377},
      archivePrefix={arXiv},
      primaryClass={cs.CL}
}

% GPT4All
@misc{gpt4all,
  author = {Yuvanesh Anand and Zach Nussbaum and Brandon Duderstadt and Benjamin Schmidt and Andriy Mulyar},
  title = {GPT4All: Training an Assistant-style Chatbot with Large Scale Data Distillation from GPT-3.5-Turbo},
  year = {2023},
  publisher = {GitHub},
  journal = {GitHub repository},
  howpublished = {\url{https://github.com/nomic-ai/gpt4all}},
}

% FLAN
@misc{longpre2023flan,
      title={The Flan Collection: Designing Data and Methods for Effective Instruction Tuning}, 
      author={Shayne Longpre and Le Hou and Tu Vu and Albert Webson and Hyung Won Chung and Yi Tay and Denny Zhou and Quoc V. Le and Barret Zoph and Jason Wei and Adam Roberts},
      year={2023},
      eprint={2301.13688},
      archivePrefix={arXiv},
      primaryClass={cs.AI}
}

@misc{vaswani2023attention,
      title={Attention Is All You Need}, 
      author={Ashish Vaswani and Noam Shazeer and Niki Parmar and Jakob Uszkoreit and Llion Jones and Aidan N. Gomez and Lukasz Kaiser and Illia Polosukhin},
      year={2023},
      eprint={1706.03762},
      archivePrefix={arXiv},
      primaryClass={cs.CL}
}

@misc{su2023roformer,
      title={RoFormer: Enhanced Transformer with Rotary Position Embedding}, 
      author={Jianlin Su and Yu Lu and Shengfeng Pan and Ahmed Murtadha and Bo Wen and Yunfeng Liu},
      year={2023},
      eprint={2104.09864},
      archivePrefix={arXiv},
      primaryClass={cs.CL}
}

@misc{devlin2019bert,
      title={BERT: Pre-training of Deep Bidirectional Transformers for Language Understanding}, 
      author={Jacob Devlin and Ming-Wei Chang and Kenton Lee and Kristina Toutanova},
      year={2019},
      eprint={1810.04805},
      archivePrefix={arXiv},
      primaryClass={cs.CL}
}

% GPT-3
@misc{brown2020language,
      title={Language Models are Few-Shot Learners}, 
      author={Tom B. Brown and Benjamin Mann and Nick Ryder and Melanie Subbiah and Jared Kaplan and Prafulla Dhariwal and Arvind Neelakantan and Pranav Shyam and Girish Sastry and Amanda Askell and Sandhini Agarwal and Ariel Herbert-Voss and Gretchen Krueger and Tom Henighan and Rewon Child and Aditya Ramesh and Daniel M. Ziegler and Jeffrey Wu and Clemens Winter and Christopher Hesse and Mark Chen and Eric Sigler and Mateusz Litwin and Scott Gray and Benjamin Chess and Jack Clark and Christopher Berner and Sam McCandlish and Alec Radford and Ilya Sutskever and Dario Amodei},
      year={2020},
      eprint={2005.14165},
      archivePrefix={arXiv},
      primaryClass={cs.CL}
}

% PI
@misc{chen2023extending,
      title={Extending Context Window of Large Language Models via Positional Interpolation}, 
      author={Shouyuan Chen and Sherman Wong and Liangjian Chen and Yuandong Tian},
      year={2023},
      eprint={2306.15595},
      archivePrefix={arXiv},
      primaryClass={cs.CL}
}

% ABF
@misc{xiong2023effective,
      title={Effective Long-Context Scaling of Foundation Models}, 
      author={Wenhan Xiong and Jingyu Liu and Igor Molybog and Hejia Zhang and Prajjwal Bhargava and Rui Hou and Louis Martin and Rashi Rungta and Karthik Abinav Sankararaman and Barlas Oguz and Madian Khabsa and Han Fang and Yashar Mehdad and Sharan Narang and Kshitiz Malik and Angela Fan and Shruti Bhosale and Sergey Edunov and Mike Lewis and Sinong Wang and Hao Ma},
      year={2023},
      eprint={2309.16039},
      archivePrefix={arXiv},
      primaryClass={cs.CL}
}

% NTK Theory
@misc{tancik2020fourier,
      title={Fourier Features Let Networks Learn High Frequency Functions in Low Dimensional Domains}, 
      author={Matthew Tancik and Pratul P. Srinivasan and Ben Mildenhall and Sara Fridovich-Keil and Nithin Raghavan and Utkarsh Singhal and Ravi Ramamoorthi and Jonathan T. Barron and Ren Ng},
      year={2020},
      eprint={2006.10739},
      archivePrefix={arXiv},
      primaryClass={cs.CV}
}

@misc{scaled_ntk,
    title="NTK-Aware Scaled RoPE allows LLaMA models to have extended (8k+) context size without any fine-tuning and minimal perplexity degradation.",
    author="/u/bloc97",
    howpublished="\url{https://reddit.com/r/LocalLLaMA/comments/14lz7j5/ntkaware_scaled_rope_allows_llama_models_to_have/}"
}

@misc{scaled_yarn,
    title="Dynamically Scaled RoPE further increases performance of long context LLaMA with zero fine-tuning",
    author="/u/emozilla",
    howpublished="\url{https://reddit.com/r/LocalLLaMA/comments/14mrgpr/dynamically_scaled_rope_further_increases/}"
}

@misc{peng2023yarn,
      title={YaRN: Efficient Context Window Extension of Large Language Models}, 
      author={Bowen Peng and Jeffrey Quesnelle and Honglu Fan and Enrico Shippole},
      year={2023},
      eprint={2309.00071},
      archivePrefix={arXiv},
      primaryClass={cs.CL}
}

@misc{gao2020pile,
      title={The Pile: An 800GB Dataset of Diverse Text for Language Modeling}, 
      author={Leo Gao and Stella Biderman and Sid Black and Laurence Golding and Travis Hoppe and Charles Foster and Jason Phang and Horace He and Anish Thite and Noa Nabeshima and Shawn Presser and Connor Leahy},
      year={2020},
      eprint={2101.00027},
      archivePrefix={arXiv},
      primaryClass={cs.CL}
}

@misc{dai2019transformerxl,
      title={Transformer-XL: Attentive Language Models Beyond a Fixed-Length Context}, 
      author={Zihang Dai and Zhilin Yang and Yiming Yang and Jaime Carbonell and Quoc V. Le and Ruslan Salakhutdinov},
      year={2019},
      eprint={1901.02860},
      archivePrefix={arXiv},
      primaryClass={cs.LG}
}

@misc{chowdhery2022palm,
      title={PaLM: Scaling Language Modeling with Pathways}, 
      author={Aakanksha Chowdhery and Sharan Narang and Jacob Devlin and Maarten Bosma and Gaurav Mishra and Adam Roberts and Paul Barham and Hyung Won Chung and Charles Sutton and Sebastian Gehrmann and Parker Schuh and Kensen Shi and Sasha Tsvyashchenko and Joshua Maynez and Abhishek Rao and Parker Barnes and Yi Tay and Noam Shazeer and Vinodkumar Prabhakaran and Emily Reif and Nan Du and Ben Hutchinson and Reiner Pope and James Bradbury and Jacob Austin and Michael Isard and Guy Gur-Ari and Pengcheng Yin and Toju Duke and Anselm Levskaya and Sanjay Ghemawat and Sunipa Dev and Henryk Michalewski and Xavier Garcia and Vedant Misra and Kevin Robinson and Liam Fedus and Denny Zhou and Daphne Ippolito and David Luan and Hyeontaek Lim and Barret Zoph and Alexander Spiridonov and Ryan Sepassi and David Dohan and Shivani Agrawal and Mark Omernick and Andrew M. Dai and Thanumalayan Sankaranarayana Pillai and Marie Pellat and Aitor Lewkowycz and Erica Moreira and Rewon Child and Oleksandr Polozov and Katherine Lee and Zongwei Zhou and Xuezhi Wang and Brennan Saeta and Mark Diaz and Orhan Firat and Michele Catasta and Jason Wei and Kathy Meier-Hellstern and Douglas Eck and Jeff Dean and Slav Petrov and Noah Fiedel},
      year={2022},
      eprint={arXiv:2204.02311}
}

% Attention registers
@misc{darcet2023vision,
      title={Vision Transformers Need Registers}, 
      author={Timoth√©e Darcet and Maxime Oquab and Julien Mairal and Piotr Bojanowski},
      year={2023},
      eprint={2309.16588},
      archivePrefix={arXiv},
      primaryClass={cs.CV}
}

% Attetnion sinks
@misc{xiao2023efficient,
      title={Efficient Streaming Language Models with Attention Sinks}, 
      author={Guangxuan Xiao and Yuandong Tian and Beidi Chen and Song Han and Mike Lewis},
      year={2023},
      eprint={2309.17453},
      archivePrefix={arXiv},
      primaryClass={cs.CL}
}

@misc{dao2022flashattention,
      title={FlashAttention: Fast and Memory-Efficient Exact Attention with IO-Awareness}, 
      author={Tri Dao and Daniel Y. Fu and Stefano Ermon and Atri Rudra and Christopher R√©},
      year={2022},
      eprint={arXiv:2205.14135}
}

% Pre-LN
@misc{xiong2020layer,
      title={On Layer Normalization in the Transformer Architecture}, 
      author={Ruibin Xiong and Yunchang Yang and Di He and Kai Zheng and Shuxin Zheng and Chen Xing and Huishuai Zhang and Yanyan Lan and Liwei Wang and Tie-Yan Liu},
      year={2020},
      eprint={2002.04745},
      archivePrefix={arXiv},
      primaryClass={cs.LG}
}

% Prior Reg
@article{CHELBA2006382,
title = {Adaptation of maximum entropy capitalizer: Little data can help a lot},
journal = {Computer Speech \& Language},
volume = {20},
number = {4},
pages = {382-399},
year = {2006},
issn = {0885-2308},
doi = {https://doi.org/10.1016/j.csl.2005.05.005},
url = {https://www.sciencedirect.com/science/article/pii/S0885230805000276},
author = {Ciprian Chelba and Alex Acero}
}

% Prior Reg 1
@misc{daum√©2009frustratingly,
      title={Frustratingly Easy Domain Adaptation}, 
      author={Hal Daum√© III au2},
      year={2009},
      eprint={0907.1815},
      archivePrefix={arXiv},
      primaryClass={cs.LG}
}

% Prior Reg 2
@misc{grachten2019strategies,
      title={Strategies for Conceptual Change in Convolutional Neural Networks}, 
      author={Maarten Grachten and Carlos Eduardo Cancino Chac√≥n},
      year={2019},
      eprint={1711.01634},
      archivePrefix={arXiv},
      primaryClass={cs.LG}
}

% TRPO
@misc{schulman2017trust,
      title={Trust Region Policy Optimization}, 
      author={John Schulman and Sergey Levine and Philipp Moritz and Michael I. Jordan and Pieter Abbeel},
      year={2017},
      eprint={1502.05477},
      archivePrefix={arXiv},
      primaryClass={cs.LG}
}

% GPT 1
@inproceedings{Radford2018ImprovingLU,
  title={Improving Language Understanding by Generative Pre-Training},
  author={Alec Radford and Karthik Narasimhan},
  year={2018},
  url={https://api.semanticscholar.org/CorpusID:49313245}
}

% ChatML
@misc{chatml,
    title={Chat Markup Language},
    author={OpenAI},
    howpublished="\url{https://github.com/openai/openai-python/blob/f7ccce126325ea35b6e5224ab954652c97a74896/chatml.md}"
}

% SwiGLU
@misc{shazeer2020glu,
      title={GLU Variants Improve Transformer}, 
      author={Noam Shazeer},
      year={2020},
      eprint={2002.05202},
      archivePrefix={arXiv},
      primaryClass={cs.LG}
}

% Tiny Stories
@misc{eldan2023tinystories,
      title={TinyStories: How Small Can Language Models Be and Still Speak Coherent English?}, 
      author={Ronen Eldan and Yuanzhi Li},
      year={2023},
      eprint={2305.07759},
      archivePrefix={arXiv},
      primaryClass={cs.CL}
}

% CNN Dailymail
@misc{nallapati2016abstractive,
      title={Abstractive Text Summarization Using Sequence-to-Sequence RNNs and Beyond}, 
      author={Ramesh Nallapati and Bowen Zhou and Cicero Nogueira dos santos and Caglar Gulcehre and Bing Xiang},
      year={2016},
      eprint={1602.06023},
      archivePrefix={arXiv},
      primaryClass={cs.CL}
}

% CoQA
@misc{reddy2019coqa,
      title={CoQA: A Conversational Question Answering Challenge}, 
      author={Siva Reddy and Danqi Chen and Christopher D. Manning},
      year={2019},
      eprint={1808.07042},
      archivePrefix={arXiv},
      primaryClass={cs.CL}
}

% Open Assistant
@misc{k√∂pf2023openassistant,
      title={OpenAssistant Conversations -- Democratizing Large Language Model Alignment}, 
      author={Andreas K√∂pf and Yannic Kilcher and Dimitri von R√ºtte and Sotiris Anagnostidis and Zhi-Rui Tam and Keith Stevens and Abdullah Barhoum and Nguyen Minh Duc and Oliver Stanley and Rich√°rd Nagyfi and Shahul ES and Sameer Suri and David Glushkov and Arnav Dantuluri and Andrew Maguire and Christoph Schuhmann and Huu Nguyen and Alexander Mattick},
      year={2023},
      eprint={2304.07327},
      archivePrefix={arXiv},
      primaryClass={cs.CL}
}

% Detoxify
@misc{Detoxify,
  title={Detoxify},
  author={Hanu, Laura and {Unitary team}},
  howpublished={Github. \url{https://github.com/unitaryai/detoxify}},
  year={2020}
}

% Llama Guard
@misc{inan2023llama,
      title={Llama Guard: LLM-based Input-Output Safeguard for Human-AI Conversations}, 
      author={Hakan Inan and Kartikeya Upasani and Jianfeng Chi and Rashi Rungta and Krithika Iyer and Yuning Mao and Michael Tontchev and Qing Hu and Brian Fuller and Davide Testuggine and Madian Khabsa},
      year={2023},
      eprint={2312.06674},
      archivePrefix={arXiv},
      primaryClass={cs.CL}
}

%
@misc{pref-tuning,
    title={Preference Tuning LLMs with Direct Preference Optimization Methods},
    author={kashif and edbeeching and lewtun and lvwerra and osanseviero},
    howpublished={Github. \url{https://github.com/huggingface/blog/blob/main/pref-tuning.md}},
    year={2024}
}

@article{qwen,
  title={Qwen Technical Report},
  author={Jinze Bai and Shuai Bai and Yunfei Chu and Zeyu Cui and Kai Dang and Xiaodong Deng and Yang Fan and Wenbin Ge and Yu Han and Fei Huang and Binyuan Hui and Luo Ji and Mei Li and Junyang Lin and Runji Lin and Dayiheng Liu and Gao Liu and Chengqiang Lu and Keming Lu and Jianxin Ma and Rui Men and Xingzhang Ren and Xuancheng Ren and Chuanqi Tan and Sinan Tan and Jianhong Tu and Peng Wang and Shijie Wang and Wei Wang and Shengguang Wu and Benfeng Xu and Jin Xu and An Yang and Hao Yang and Jian Yang and Shusheng Yang and Yang Yao and Bowen Yu and Hongyi Yuan and Zheng Yuan and Jianwei Zhang and Xingxuan Zhang and Yichang Zhang and Zhenru Zhang and Chang Zhou and Jingren Zhou and Xiaohuan Zhou and Tianhang Zhu},
  journal={arXiv preprint arXiv:2309.16609},
  year={2023}
}

@misc{ziyin2021laprop,
      title={LaProp: Separating Momentum and Adaptivity in Adam}, 
      author={Liu Ziyin and Zhikang T. Wang and Masahito Ueda},
      year={2021},
      eprint={2002.04839},
      archivePrefix={arXiv},
      primaryClass={cs.LG}
}

@misc{zhang2024tinyllama,
      title={TinyLlama: An Open-Source Small Language Model}, 
      author={Peiyuan Zhang and Guangtao Zeng and Tianduo Wang and Wei Lu},
      year={2024},
      eprint={2401.02385},
      archivePrefix={arXiv},
      primaryClass={cs.CL}
}

@misc{touvron2023llama,
      title={LLaMA: Open and Efficient Foundation Language Models}, 
      author={Hugo Touvron and Thibaut Lavril and Gautier Izacard and Xavier Martinet and Marie-Anne Lachaux and Timoth√©e Lacroix and Baptiste Rozi√®re and Naman Goyal and Eric Hambro and Faisal Azhar and Aurelien Rodriguez and Armand Joulin and Edouard Grave and Guillaume Lample},
      year={2023},
      eprint={2302.13971},
      archivePrefix={arXiv},
      primaryClass={cs.CL}
}

@misc{biderman2023pythia,
      title={Pythia: A Suite for Analyzing Large Language Models Across Training and Scaling}, 
      author={Stella Biderman and Hailey Schoelkopf and Quentin Anthony and Herbie Bradley and Kyle O'Brien and Eric Hallahan and Mohammad Aflah Khan and Shivanshu Purohit and USVSN Sai Prashanth and Edward Raff and Aviya Skowron and Lintang Sutawika and Oskar van der Wal},
      year={2023},
      eprint={2304.01373},
      archivePrefix={arXiv},
      primaryClass={cs.CL}
}