@String(PAMI = {IEEE Trans. Pattern Anal. Mach. Intell.})
@String(IJCV = {Int. J. Comput. Vis.})
@String(CVPR= {IEEE Conf. Comput. Vis. Pattern Recog.})
@String(ICCV= {Int. Conf. Comput. Vis.})
@String(ECCV= {Eur. Conf. Comput. Vis.})
@String(NIPS= {Adv. Neural Inform. Process. Syst.})
@String(ICPR = {Int. Conf. Pattern Recog.})
@String(BMVC= {Brit. Mach. Vis. Conf.})
@String(TOG= {ACM Trans. Graph.})
@String(TIP  = {IEEE Trans. Image Process.})
@String(TVCG  = {IEEE Trans. Vis. Comput. Graph.})
@String(TMM  = {IEEE Trans. Multimedia})
@String(ACMMM= {ACM Int. Conf. Multimedia})
@String(ICME = {Int. Conf. Multimedia and Expo})
@String(ICASSP=	{ICASSP})
@String(ICIP = {IEEE Int. Conf. Image Process.})
@String(ACCV  = {ACCV})
@String(ICLR = {Int. Conf. Learn. Represent.})
@String(IJCAI = {IJCAI})
@String(PR   = {Pattern Recognition})
@String(AAAI = {AAAI})
@String(CVPRW= {IEEE Conf. Comput. Vis. Pattern Recog. Worksh.})
@String(CSVT = {IEEE Trans. Circuit Syst. Video Technol.})

@String(SPL	= {IEEE Sign. Process. Letters})
@String(VR   = {Vis. Res.})
@String(JOV	 = {J. Vis.})
@String(TVC  = {The Vis. Comput.})
@String(JCST  = {J. Comput. Sci. Tech.})
@String(CGF  = {Comput. Graph. Forum})
@String(CVM = {Computational Visual Media})


@String(PAMI  = {IEEE TPAMI})
@String(IJCV  = {IJCV})
@String(CVPR  = {CVPR})
@String(ICCV  = {ICCV})
@String(ECCV  = {ECCV})
@String(NIPS  = {NeurIPS})
@String(ICPR  = {ICPR})
@String(BMVC  =	{BMVC})
@String(TOG   = {ACM TOG})
@String(TIP   = {IEEE TIP})
@String(TVCG  = {IEEE TVCG})
@String(TCSVT = {IEEE TCSVT})
@String(TMM   =	{IEEE TMM})
@String(ACMMM = {ACM MM})
@String(ICME  =	{ICME})
@String(ICASSP=	{ICASSP})
@String(ICIP  = {ICIP})
@String(ACCV  = {ACCV})
@String(ICLR  = {ICLR})
@String(IJCAI = {IJCAI})
@String(PR = {PR})
@String(AAAI = {AAAI})
@String(CVPRW= {CVPRW})
@String(CSVT = {IEEE TCSVT})



@article{rao2019continual,
  title={Continual unsupervised representation learning},
  author={Rao, Dushyant and Visin, Francesco and Rusu, Andrei A and Teh, Yee Whye and Pascanu, Razvan and Hadsell, Raia},
  journal=NIPS,
  year={2019}
}

@article{smith2019unsupervised,
  title={Unsupervised progressive learning and the stam architecture},
  author={Smith, James and Taylor, Cameron and Baer, Seth and Dovrolis, Constantine},
  journal={arXiv preprint arXiv:1904.02021},
  year={2019}
}

@article{achille2018life,
  title={Life-long disentangled representation learning with cross-domain latent homologies},
  author={Achille, Alessandro and Eccles, Tom and Matthey, Loic and Burgess, Christopher P and Watters, Nick and Lerchner, Alexander and Higgins, Irina},
  journal=NIPS,
  year={2018}
}

@article{gallardo2021self,
  title={Self-Supervised Training Enhances Online Continual Learning},
  author={Gallardo, Jhair and Hayes, Tyler L and Kanan, Christopher},
  journal={arXiv preprint arXiv:2103.14010},
  year={2021}
}

@article{caccia2021special,
  title={SPeCiaL: Self-Supervised Pretraining for Continual Learning},
  author={Caccia, Lucas and Pineau, Joelle},
  journal={arXiv preprint arXiv:2106.09065},
  year={2021}
}

@inproceedings{chen2020simple,
  title={A simple framework for contrastive learning of visual representations},
  author={Chen, Ting and Kornblith, Simon and Norouzi, Mohammad and Hinton, Geoffrey},
  booktitle={ICML},
  year={2020},
}

@inproceedings{he2020momentum,
  title={Momentum contrast for unsupervised visual representation learning},
  author={He, Kaiming and Fan, Haoqi and Wu, Yuxin and Xie, Saining and Girshick, Ross},
  booktitle=CVPR,
  year={2020}
}

@article{zbontar2021barlow,
  title={Barlow twins: Self-supervised learning via redundancy reduction},
  author={Zbontar, Jure and Jing, Li and Misra, Ishan and LeCun, Yann and Deny, St{\'e}phane},
  journal={ICML},
  year={2021}
}

@article{bardes2021vicreg,
  title={Vicreg: Variance-invariance-covariance regularization for self-supervised learning},
  author={Bardes, Adrien and Ponce, Jean and LeCun, Yann},
  journal={arXiv preprint arXiv:2105.04906},
  year={2021}
}

@inproceedings{ermolov2021whitening,
  title={Whitening for self-supervised representation learning},
  author={Ermolov, Aleksandr and Siarohin, Aliaksandr and Sangineto, Enver and Sebe, Nicu},
  booktitle={ICML},
  year={2021},
}

@article{caron2020unsupervised,
  title={Unsupervised learning of visual features by contrasting cluster assignments},
  author={Caron, Mathilde and Misra, Ishan and Mairal, Julien and Goyal, Priya and Bojanowski, Piotr and Joulin, Armand},
  journal=NIPS,
  year={2020}
}

@article{caron2021emerging,
  title={Emerging properties in self-supervised vision transformers},
  author={Caron, Mathilde and Touvron, Hugo and Misra, Ishan and J{\'e}gou, Herv{\'e} and Mairal, Julien and Bojanowski, Piotr and Joulin, Armand},
  journal=ICCV,
  year={2021}
}

@article{grill2020bootstrap,
  title={Bootstrap your own latent: A new approach to self-supervised learning},
  author={Grill, Jean-Bastien and Strub, Florian and Altch{\'e}, Florent and Tallec, Corentin and Richemond, Pierre H and Buchatskaya, Elena and Doersch, Carl and Pires, Bernardo Avila and Guo, Zhaohan Daniel and Azar, Mohammad Gheshlaghi and others},
  journal=NIPS,
  year={2020}
}

@inproceedings{chen2021exploring,
  title={Exploring simple siamese representation learning},
  author={Chen, Xinlei and He, Kaiming},
  booktitle=ICCV,
  year={2021}
}

@article{dwibedi2021little,
  title={With a little help from my friends: Nearest-neighbor contrastive learning of visual representations},
  author={Dwibedi, Debidatta and Aytar, Yusuf and Tompson, Jonathan and Sermanet, Pierre and Zisserman, Andrew},
  journal=ICCV,
  year={2021}
}


@article{turrisi2021sololearn,
  author  = {Victor Guilherme Turrisi da Costa and Enrico Fini and Moin Nabi and Nicu Sebe and Elisa Ricci},
  title   = {solo-learn: A Library of Self-supervised Methods for Visual Representation Learning},
  journal = {Journal of Machine Learning Research},
  year    = {2022},
  volume  = {23},
  number  = {56},
  pages   = {1-6},
  url     = {http://jmlr.org/papers/v23/21-1155.html}
}
@inproceedings{hou2019learning,
  title={Learning a unified classifier incrementally via rebalancing},
  author={Hou, Saihui and Pan, Xinyu and Loy, Chen Change and Wang, Zilei and Lin, Dahua},
  booktitle=CVPR,
  pages={831--839},
  year={2019}
}

@inproceedings{wang2019pay,
  title={Pay attention to features, transfer learn faster CNNs},
  author={Wang, Kafeng and Gao, Xitong and Zhao, Yiren and Li, Xingjian and Dou, Dejing and Xu, Cheng-Zhong},
  booktitle=ICLR,
  year={2019}
}

@inproceedings{komodakis2017paying,
  title={Paying more attention to attention: improving the performance of convolutional neural networks via attention transfer},
  author={Komodakis, Nikos and Zagoruyko, Sergey},
  booktitle=ICLR,
  year={2017}
}

@inproceedings{dhar2019learning,
  title={Learning without memorizing},
  author={Dhar, Prithviraj and Singh, Rajat Vikram and Peng, Kuan-Chuan and Wu, Ziyan and Chellappa, Rama},
  booktitle=CVPR,
  year={2019}
}

@inproceedings{douillard2020podnet,
  title={Podnet: Pooled outputs distillation for small-tasks incremental learning},
  author={Douillard, Arthur and Cord, Matthieu and Ollion, Charles and Robert, Thomas and Valle, Eduardo},
  booktitle=ECCV,
  year={2020},
}

@article{liu2020continual,
  title={Continual universal object detection},
  author={Liu, Xialei and Yang, Hao and Ravichandran, Avinash and Bhotika, Rahul and Soatto, Stefano},
  journal={arXiv preprint arXiv:2002.05347},
  year={2020}
}

@article{lin2021continual,
  title={Continual Contrastive Self-supervised Learning for Image Classification},
  author={Lin, Zhiwei and Wang, Yongtao and Lin, Hongxiang},
  journal={arXiv preprint arXiv:2107.01776},
  year={2021}
}


@article{madaan2021rethinking,
  title={Rethinking the Representational Continuity: Towards Unsupervised Continual Learning},
  author={Madaan, Divyam and Yoon, Jaehong and Li, Yuanchun and Liu, Yunxin and Hwang, Sung Ju},
  journal={arXiv preprint arXiv:2110.06976},
  year={2021}
}

@inproceedings{caron2018deep,
  title={Deep clustering for unsupervised learning of visual features},
  author={Caron, Mathilde and Bojanowski, Piotr and Joulin, Armand and Douze, Matthijs},
  booktitle=ECCV,
  pages={132--149},
  year={2018}
}

@inproceedings{caron2019unsupervised,
  title={Unsupervised pre-training of image features on non-curated data},
  author={Caron, Mathilde and Bojanowski, Piotr and Mairal, Julien and Joulin, Armand},
  booktitle=ICCV,
  pages={2959--2968},
  year={2019}
}

@article{chen2020improved,
  title={Improved baselines with momentum contrastive learning},
  author={Chen, Xinlei and Fan, Haoqi and Girshick, Ross and He, Kaiming},
  journal={arXiv preprint arXiv:2003.04297},
  year={2020}
}

@article{khosla2020supervised,
  title={Supervised contrastive learning},
  author={Khosla, Prannay and Teterwak, Piotr and Wang, Chen and Sarna, Aaron and Tian, Yonglong and Isola, Phillip and Maschinot, Aaron and Liu, Ce and Krishnan, Dilip},
  journal=NIPS,
  year={2020}
}

@article{de2019continual,
  title={Continual learning: A comparative study on how to defy forgetting in classification tasks},
  author={De Lange, Matthias and Aljundi, Rahaf and Masana, Marc and Parisot, Sarah and Jia, Xu and Leonardis, Ales and Slabaugh, Gregory and Tuytelaars, Tinne},
  journal=PAMI,
  volume={2},
  number={6},
  year={2019}
}

@article{French99,
author={French, Robert M.},
doi={10.1016/S1364-6613(99)01294-2},
isbn={13646613},
issn={13646613},
journal={Trends in Cognitive Sciences},
number={4},
pages={128--135},
pmid={10322466},
title={Catastrophic forgetting in connectionist networks},
volume={3},
year={1999},
keywords={Classic},
url={https://www.sciencedirect.com/science/article/abs/pii/S1364661399012942}
}

@inproceedings{Mccloskey89,
  title={Catastrophic interference in connectionist networks: The sequential learning problem},
  author={McCloskey, Michael and Cohen, Neal J},
  booktitle={Psychology of learning and motivation},
  volume={24},
  pages={109--165},
  year={1989},
  publisher={Elsevier},
  keywords={Classics},
  url={https://www.sciencedirect.com/science/article/pii/S0079742108605368}
}

@article{mikolov2013efficient,
  title={Efficient estimation of word representations in vector space},
  author={Mikolov, Tomas and Chen, Kai and Corrado, Greg and Dean, Jeffrey},
  journal={arXiv preprint arXiv:1301.3781},
  year={2013}
}

@article{devlin2018bert,
  title={Bert: Pre-training of deep bidirectional transformers for language understanding},
  author={Devlin, Jacob and Chang, Ming-Wei and Lee, Kenton and Toutanova, Kristina},
  journal={NAACL},
  year={2018}
}

@inproceedings{wu2018unsupervised,
  title={Unsupervised feature learning via non-parametric instance discrimination},
  author={Wu, Zhirong and Xiong, Yuanjun and Yu, Stella X and Lin, Dahua},
  booktitle=CVPR,
  year={2018}
}

@inproceedings{gutmann2010noise,
  title={Noise-contrastive estimation: A new estimation principle for unnormalized statistical models},
  author={Gutmann, Michael and Hyv{\"a}rinen, Aapo},
  booktitle={AISTATS},
  year={2010},
  norganization={JMLR Workshop and Conference Proceedings}
}

@ARTICLE{Goodfellow13,
   author={Goodfellow, I.~J. and Mirza, M. and Xiao, D. and Courville, A. and Bengio, Y.},
    title="An Empirical Investigation of Catastrophic Forgetting in Gradient-Based Neural Networks",
  journal={arXiv preprint arXiv:1312.6211},
archivePrefix="arXiv",
   eprint={1312.6211},
 primaryClass="stat.ML",
 keywords={Statistics - Machine Learning, Computer Science - Learning, Computer Science - Neural and Evolutionary Computing, Empirical Study, Influential},
     year={2013},
    nmonth={dec},
   adsurl={http://adsabs.harvard.edu/abs/2013arXiv1312.6211G},
  adsnote={Provided by the SAO/NASA Astrophysics Data System},
  url={https://arxiv.org/abs/1312.6211},
}

@article{kirkpatrick2017overcoming,
  title={Overcoming catastrophic forgetting in neural networks},
  author={Kirkpatrick, James and Pascanu, Razvan and Rabinowitz, Neil and Veness, Joel and Desjardins, Guillaume and Rusu, Andrei A and Milan, Kieran and Quan, John and Ramalho, Tiago and Grabska-Barwinska, Agnieszka and others},
  journal={Proc. of the national academy of sciences},
  year={2017},
  publisher={National Acad Sciences},
    keywords={Regularization, Influential},
    url={https://www.pnas.org/content/pnas/114/13/3521.full.pdf},
}

@ARTICLE{Rusu16progressive,
   author={Rusu, A.~A. and Rabinowitz, N.~C. and Desjardins, G. and
	Soyer, H. and Kirkpatrick, J. and Kavukcuoglu, K. and
	Pascanu, R. and Hadsell, R.},
    title={Progressive Neural Networks},
  journal={arXiv 1606.04671},
archivePrefix="arXiv",
   eprint={1606.04671},
 primaryClass="cs.LG",
 keywords={Computer Science - Learning, Dynamic Architecture},
     year=2016,
    nmonth={jun},
   adsurl={http://adsabs.harvard.edu/abs/2016arXiv160604671R},
  adsnote={Provided by the SAO/NASA Astrophysics Data System},
   url={https://arxiv.org/abs/1606.04671}
}

@inproceedings{shin2017continual,
  title={Continual learning with deep generative replay},
  author={Shin, Hanul and Lee, Jung Kwon and Kim, Jaehong and Kim, Jiwon},
  booktitle=NIPS,
  year={2017},
}

@inproceedings{Lopez-Paz17,
title={Gradient Episodic Memory for Continual Learning},
author={Lopez-Paz, David and Ranzato, Marc-Aurelio},
booktitle=NIPS,
year={2017},
}

@inproceedings{Chaudhry19,
  title={Efficient Lifelong Learning with A-GEM},
  author={Chaudhry, Arslan and Ranzato, Marc’Aurelio and Rohrbach, Marcus and Elhoseiny, Mohamed},
  booktitle=ICLR,
  year={2019},
}

@article{serra2018overcoming,
  title=	 {Overcoming Catastrophic Forgetting with Hard Attention to the Task},
  author=	 {Serra, Joan and Suris, Didac and Miron, Marius and Karatzoglou, Alexandros},
  journal  ={ICML},
  year=	 {2018},
}

@inproceedings{chaudhry2018riemannian,
  title={Riemannian Walk for Incremental Learning: Understanding Forgetting and Intransigence},
  author={Chaudhry, Arslan and Dokania, Puneet K and Ajanthan, Thalaiyasingam and Torr, Philip HS},
  booktitle=ECCV,
  year={2018},
}

@inproceedings{Aljundi17,
  author   ={Rahaf Aljundi and Francesca Babiloni and Mohamed Elhoseiny and Marcus Rohrbach and Tinne Tuytelaars},
  title    ={Memory Aware Synapses: Learning what (not) to forget},
  booktitle=ECCV,
  year     ={2018},
}

@InProceedings{Zenke17,
  title=	 {Continual Learning Through Synaptic Intelligence},
  author=	 {Zenke, Friedeman and Poole, Ben and Ganguli, Surya },
  booktitle=	 {ICML},
  year=	 {2017},
}

@inproceedings{buzzega2020dark,
 author = {Buzzega, Pietro and Boschini, Matteo and Porrello, Angelo and Abati, Davide and Calderara, Simone},
 booktitle = NIPS,
 title = {Dark Experience for General Continual Learning: a Strong, Simple Baseline},
 year = {2020},
}

@inproceedings{fini2020online,
  title={Online Continual Learning under Extreme Memory Constraints},
  author={Fini, Enrico and Lathuilière, Stèphane and Sangineto, Enver and Nabi, Moin and Ricci, Elisa},
    booktitle=ECCV,
  year={2020},
}

@inproceedings{wu2019large,
  title={Large scale incremental learning},
  author={Wu, Yue and Chen, Yinpeng and Wang, Lijuan and Ye, Yuancheng and Liu, Zicheng and Guo, Yandong and Fu, Yun},
  booktitle=CVPR,
  year={2019},
}

@inproceedings{castro2018end,
  title={End-to-end incremental learning},
  author={Castro, Francisco M and Marin-Jimenez, Manuel J and Guil, Nicolas and Schmid, Cordelia and Alahari, Karteek},
  booktitle=ECCV,
  year={2018},
}

@inproceedings{rebuffi2017icarl,
  title={icarl: Incremental classifier and representation learning},
  author={Rebuffi, Sylvestre-Alvise and Kolesnikov, Alexander and Sperl, Georg and Lampert, Christoph H},
  booktitle=CVPR,
  year={2017},
}

@inproceedings{prabhu2020gdumb,
  title={GDumb: A simple approach that questions our progress in continual learning},
  author={Prabhu, Ameya and Torr, Philip HS and Dokania, Puneet K},
  booktitle=ECCV,
  pages={524--540},
  year={2020},
  organization={Springer},
  keywords={Empirical Study, Rehearsal}
}

@article{Robins95,
author = { Anthony   Robins },
title = {Catastrophic Forgetting, Rehearsal and Pseudorehearsal},
journal = {Connection Science},
year  = {1995},
}

@article{Li17learning,
  title={Learning without forgetting},
  author={Li, Zhizhong and Hoiem, Derek},
  journal=PAMI,
  year={2017},
}

@inproceedings{ostapenko2019learning,
  title={Learning to remember: A synaptic plasticity driven framework for continual learning},
  author={Ostapenko, Oleksiy and Puscas, Mihai and Klein, Tassilo and Jahnichen, Patrick and Nabi, Moin},
  booktitle=CVPR,
  year={2019},
}

@inproceedings{cha2021co2l,
  title={Co2l: Contrastive continual learning},
  author={Cha, Hyuntak and Lee, Jaeho and Shin, Jinwoo},
  booktitle=CVPR,
  pages={9516--9525},
  year={2021}
}


@article{oord2018representation,
  title={Representation learning with contrastive predictive coding},
  author={Oord, Aaron van den and Li, Yazhe and Vinyals, Oriol},
  journal={arXiv preprint arXiv:1807.03748},
  year={2018}
}

@article{tian2021divide,
  title={Divide and Contrast: Self-supervised Learning from Uncurated Data},
  author={Tian, Yonglong and Henaff, Olivier J and Oord, Aaron van den},
  journal={arXiv preprint arXiv:2105.08054},
  year={2021}
}

@article{hinton2015distilling,
  title={Distilling the knowledge in a neural network},
  author={Hinton, Geoffrey and Vinyals, Oriol and Dean, Jeff},
  journal={arXiv preprint arXiv:1503.02531},
  year={2015}
}

@inproceedings{tian2020contrastive,
  title={Contrastive multiview coding},
  author={Tian, Yonglong and Krishnan, Dilip and Isola, Phillip},
  booktitle=ECCV,
  pages={776--794},
  year={2020},
  organization={Springer}
}

@techreport{krizhevsky2009learning,
  title={Learning multiple layers of features from tiny images},
  author={Krizhevsky, Alex},
  year={2009},
  institution={Univ.\ Toronto},
}

@inproceedings{peng2019moment,
  title={Moment matching for multi-source domain adaptation},
  author={Peng, Xingchao and Bai, Qinxun and Xia, Xide and Huang, Zijun and Saenko, Kate and Wang, Bo},
  booktitle=ICCV,
  year={2019}
}

@inproceedings{he2016deep,
  title={Deep residual learning for image recognition},
  author={He, Kaiming and Zhang, Xiangyu and Ren, Shaoqing and Sun, Jian},
  booktitle=CVPR,
  pages={770--778},
  year={2016}
}

@article{you2017large,
  title={Large batch training of convolutional networks},
  author={You, Yang and Gitman, Igor and Ginsburg, Boris},
  journal={arXiv preprint arXiv:1708.03888},
  year={2017}
}

@article{falcon2021aavae,
  title={AAVAE: Augmentation-Augmented Variational Autoencoders},
  author={Falcon, William and Jha, Ananya Harsh and Koker, Teddy and Cho, Kyunghyun},
  journal={arXiv preprint arXiv:2107.12329},
  year={2021}
}

@inproceedings{iscen2020memory,
  title={Memory-efficient incremental learning through feature adaptation},
  author={Iscen, Ahmet and Zhang, Jeffrey and Lazebnik, Svetlana and Schmid, Cordelia},
  booktitle={European Conference on Computer Vision},
  pages={699--715},
  year={2020},
  organization={Springer}
}

@inproceedings{tian2021understanding,
  title={Understanding self-supervised learning dynamics without contrastive pairs},
  author={Tian, Yuandong and Chen, Xinlei and Ganguli, Surya},
  booktitle={International Conference on Machine Learning},
  pages={10268--10278},
  year={2021},
  organization={PMLR}
}