@Article{kviman2024improved,
  author        = {Oskar Kviman and Ricky Molén and Jens Lagergren},
  title         = {Improved Variational {Bayesian} Phylogenetic Inference using Mixtures},
  year          = {2023},
  archiveprefix = {arXiv},
  eprint        = {2310.00941},
  primaryclass  = {cs.LG},
  journal = {arXiv preprint arxiv:2310.00941}
}

@InProceedings{zhang2018variational,
  author    = {Zhang, Cheng and Matsen, IV, Frederick A.},
  booktitle = {International Conference on Learning Representations ({ICLR})},
  title     = {Variational {Bayesian} Phylogenetic Inference},
  year      = {2019},
}

@InProceedings{mnih2016variational,
  author       = {Mnih, Andriy and Rezende, Danilo},
  booktitle    = {International Conference on Machine Learning ({ICML})},
  title        = {Variational inference for {Monte} {Carlo} objectives},
  year         = {2016},
}


@InProceedings{xu20pg,
  author    = {Xu, Pan and Gao, Felicia and Gu, Quanquan},
  booktitle = {Conference on Uncertainty in Artificial Intelligence ({UAI})},
  title     = {An Improved Convergence Analysis of Stochastic Variance-Reduced Policy Gradient},
  year      = {2020},
}

@InProceedings{papini18pg,
  author    = {Papini, Matteo and Binaghi, Damiano and Canonaco, Giuseppe and Pirotta, Matteo and Restelli, Marcello},
  booktitle = {International Conference on Machine Learning ({ICML})},
  title     = {Stochastic Variance-Reduced Policy Gradient},
  year      = {2018},
}

@Article{DBLP:journals/jmlr/MohamedRFM20,
  author  = {Mohamed, Shakir and Rosca, Mihaela and Figurnov, Michael and Mnih, Andriy},
  journal = {Journal of Machine Learning Research ({JMLR})},
  title   = {{Monte} {Carlo} Gradient Estimation in Machine Learning},
  year    = {2020},
  number  = {132},
  volume  = {21},
}

@InProceedings{zhou2024phylogfn,
  author    = {Zhou, Ming Yang and Yan, Zichao and Layne, Elliot and Malkin, Nikolay and Zhang, Dinghuai and Jain, Moksh and Blanchette, Mathieu and Bengio, Yoshua},
  booktitle = {International Conference on Learning Representations ({ICLR})},
  title     = {Phylo{GFN}: Phylogenetic inference with generative flow networks},
  year      = {2024},
}

@Book{csiszar2011information,
  author    = {Csiszár, Imre and Körner, János},
  publisher = {Cambridge University Press},
  title     = {Information theory: coding theorems for discrete memoryless systems},
  year      = {2011},
}

@Article{Cole1993,
  author  = {Cole, T. J.},
  journal = {Applied Statistics},
  title   = {Algorithm {AS} 281: Scaling and Rounding Regression Coefficients to Integers},
  year    = {1993},
  number  = {1},
  volume  = {42},
}

@InProceedings{lau2023dgfn,
  author    = {Elaine Lau and Nikhil Murali Vemgal and Doina Precup and Emmanuel Bengio},
  booktitle = {{NeurIPS} 2023 Generative AI and Biology ({GenBio}) Workshop},
  title     = {{DGFN}: Double Generative Flow Networks},
  year      = {2023},
}

@InProceedings{Broderick13,
  author    = {Broderick, Tamara and Boyd, Nicholas and Wibisono, Andre and Wilson, Ashia C. and Jordan, Michael I.},
  booktitle = {Advances in Neural Information Processing Systems ({NeurIPS})},
  title     = {Streaming Variational {Bayes}},
  year      = {2013},
}

@Article{bui2017GPs,
  author  = {Bui, Thang D. and Nguyen, Cuong and Turner, Richard E.},
  journal = {Advances in Neural Information Processing Systems ({NeurIPS})},
  title   = {Streaming sparse {Gaussian} process approximations},
  year    = {2017},
}

@InProceedings{Fang21Tensor,
  author    = {Fang, Shikai and Wang, Zheng and Pan, Zhimeng and Liu, Ji and Zhe, Shandian},
  booktitle = {International Conference on Machine Learning ({ICML})},
  title     = {Streaming {Bayesian} Deep Tensor Factorization},
  year      = {2021},
}


@InProceedings{Schaeffer22features,
  author    = {Schaeffer, Rylan and Du, Yilun and Liu, Gabrielle K. and Fiete, Ila},
  booktitle = {International Conference on Machine Learning ({ICML})},
  title     = {Streaming Inference for Infinite Feature Models},
  year      = {2022},
}

@InProceedings{garipov2023compositional,
  author    = {Timur Garipov and Sebastiaan De Peuter and Ge Yang and Vikas Garg and Samuel Kaski and Tommi S. Jaakkola},
  booktitle = {Advances in Neural Information Processing Systems ({NeurIPS})},
  title     = {Compositional Sculpting of Iterative Generative Processes},
  year      = {2023},
}

@book{lindley1972bayesian,
  title={Bayesian statistics: A review},
  author={Lindley, Dennis Victor},
  year={1972},
  publisher={SIAM}
}

@Article{Dinh2017,
  author  = {Dinh, Vu and Darling, Aaron E. and Matsen, IV, Frederick A.},
  journal = {Systematic Biology},
  title   = {Online {Bayesian} Phylogenetic Inference: Theoretical Foundations via Sequential {Monte} {Carlo}},
  year    = {2017},
  number  = {3},
  volume  = {67},
}

@Article{kingma2014adam,
  author        = {Kingma, Diederik P. and Ba, Jimmy},
  title         = {Adam: A method for stochastic optimization},
  year          = {2014},
  archiveprefix = {arXiv},
  eprint        = {1412.6980},
  primaryclass  = {cs.LG},
  journal = {arXiv preprint arxiv:1412.6980}
}

@Article{li2023gfnsr,
  author        = {Sida Li and Ioana Marinescu and Sebastian Musslick},
  title         = {GFN-SR: Symbolic Regression with Generative Flow Networks},
  year          = {2023},
  archiveprefix = {arXiv},
  eprint        = {2312.00396},
  primaryclass  = {cs.LG},
  journal = {arXiv preprint arxiv:2312.00396}
}

@InCollection{Jukes1969,
  author    = {Jukes, Thomas H. and Cantor, Charles R.},
  booktitle = {Mammalian Protein Metabolism},
  title     = {Evolution of Protein Molecules},
  year      = {1969},
  publisher = {Academic Press}
}

@Article{roychoudhury2015,
  author  = {Arindam RoyChoudhury and Amy Willis and John Bunge},
  journal = {Journal of Statistical Planning and Inference},
  title   = {Consistency of a phylogenetic tree maximum likelihood estimator},
  year    = {2015},
  volume  = {161},
}

@InProceedings{gonzalez2017preferential,
  author       = {González, Javier and Dai, Zhenwen and Damianou, Andreas and Lawrence, Neil D.},
  booktitle    = {International Conference on Machine Learning ({ICML})},
  title        = {Preferential {Bayesian} optimization},
  year         = {2017},
}

@Article{Hornberger1995,
  author  = {Hornberger, John C. and Habraken, Hilde and Bloch, Daniel A.},
  journal = {Medical Care},
  title   = {Minimum Data Needed on Patient Preferences for Accurate, Efficient Medical Decision Making},
  year    = {1995},
  number  = {3},
  volume  = {33},
}

@Book{Yang2014,
  author    = {Yang, Ziheng},
  publisher = {Oxford University Press},
  title     = {Molecular Evolution: A Statistical Approach},
  year      = {2014},
}



@Article{Felsenstein1981,
  author  = {Joseph Felsenstein},
  journal = {Journal of Molecular Evolution},
  title   = {Evolutionary trees from {DNA} sequences: A maximum likelihood approach},
  year    = {1981},
  volume  = {17},
}


@Article{malkin2023gflownets,
  author  = {Malkin, Nikolay and Lahlou, Salem and Deleu, Tristan and Ji, Xu and Hu, Edward and Everett, Katie and Zhang, Dinghuai and Bengio, Yoshua},
  journal = {International Conference on Learning Representations ({ICLR})},
  title   = {{GFlowNets} and variational inference},
  year    = {2023},
}

@InProceedings{malkin2022trajectory,
  author    = {Malkin, Nikolay and Jain, Moksh and Bengio, Emmanuel and Sun, Chen and Bengio, Yoshua},
  booktitle = {Advances in Neural Information Processing Systems ({NeurIPS})},
  title     = {Trajectory balance: Improved credit assignment in {GFlowNets}},
  year      = {2022},
}


@InProceedings{LingTrajectory,
  author    = {Pan, Ling and Malkin, Nikolay and Zhang, Dinghuai and Bengio, Yoshua},
  booktitle = {International Conference on Machine Learning ({ICML})},
  title     = {Better Training of {GFlowNets} with Local Credit and Incomplete Trajectories},
  year      = {2023},
}

@Article{Foundations,
  author  = {Yoshua Bengio and Salem Lahlou and Tristan Deleu and Edward J. Hu and Mo Tiwari and Emmanuel Bengio},
  journal = {Journal of Machine Learning Research ({JMLR})},
  title   = {{GFlowNet} Foundations},
  year    = {2023},
  number  = {210},
  volume  = {24},
}


@InProceedings{Bengio2021,
  author    = {Bengio, Emmanuel and Jain, Moksh and Korablyov, Maksym and Precup, Doina and Bengio, Yoshua},
  booktitle = {Advances in Neural Information Processing Systems ({NeurIPS})},
  title     = {Flow Network based Generative Models for Non-Iterative Diverse Candidate Generation},
  year      = {2021},
}

@InProceedings{deleu2022bayesian,
  author    = {Deleu, Tristan and Góis, António and Emezue, Chris Chinenye and Rankawat, Mansi and Lacoste-Julien, Simon and Bauer, Stefan and Bengio, Yoshua},
  booktitle = {Conference on Uncertainty in Artificial Intelligence ({UAI})},
  title     = {{Bayesian} Structure Learning with Generative Flow Networks},
  year      = {2022},
}

@InProceedings{deleu2023joint,
  author    = {Deleu, Tristan and Nishikawa-Toomey, Mizu and Subramanian, Jithendaraa and Malkin, Nikolay and Charlin, Laurent and Bengio, Yoshua},
  booktitle = {Advances in Neural Information Processing Systems ({NeurIPS})},
  title     = {Joint {Bayesian} Inference of Graphical Structure and Parameters with a Single Generative Flow Network},
  year      = {2023},
}

@InProceedings{Zhang2023,
  author    = {Zhang, Dinghuai and Dai, Hanjun and Malkin, Nikolay and Courville, Aaron and Bengio, Yoshua and Pan, Ling},
  booktitle = {Advances in Neural Information Processing Systems ({NeurIPS})},
  title     = {Let the Flows Tell: Solving Graph Combinatorial Optimization Problems with {GFlowNets}},
  year      = {2023},
}


@InProceedings{mogfn,
  author    = {Jain, Moksh and Raparthy, Sharath Chandra and Hernandez-Garcia, Alex and Rector-Brooks, Jarrid and Bengio, Yoshua and Miret, Santiago and Bengio, Emmanuel},
  booktitle = {International Conference on Machine Learning ({ICML})},
  title     = {Multi-Objective {GFlowNet}s},
  year      = {2023},
}

@InProceedings{discretegfn_ii,
  author    = {Hu, Edward J. and Malkin, Nikolay and Jain, Moksh and Everett, Katie E. and Graikos, Alexandros and Bengio, Yoshua},
  booktitle = {International Conference on Machine Learning ({ICML})},
  title     = {{GFlowNet-EM} for learning compositional latent variable models},
  year      = {2023},
}

@InProceedings{discretegfn_iii,
  author    = {Zhang, Dinghuai and Malkin, Nikolay and Liu, Zhen and Volokhova, Alexandra and Courville, Aaron and Bengio, Yoshua},
  booktitle = {International Conference on Machine Learning ({ICML})},
  title     = {Generative flow networks for discrete probabilistic modeling},
  year      = {2022},
}

@InProceedings{liu2023dropout,
  author    = {Liu, Dianbo and Jain, Moksh and Dossou, Bonaventure F. P. and Shen, Qianli and Lahlou, Salem and Goyal, Anirudh and Malkin, Nikolay and Emezue, Chris Chinenye and Zhang, Dinghuai and Hassen, Nadhir and Ji, Xu and Kawaguchi, Kenji and Bengio, Yoshua},
  booktitle = {International Conference on Machine Learning ({ICML})},
  title     = {{GFlowOut}: Dropout with Generative Flow Networks},
  year      = {2023},
}

@InProceedings{shen23gflownets,
  author    = {Shen, Max W. and Bengio, Emmanuel and Hajiramezanali, Ehsan and Loukas, Andreas and Cho, Kyunghyun and Biancalani, Tommaso},
  booktitle = {International Conference on Machine Learning ({ICML})},
  title     = {Towards Understanding and Improving {GFlowNet} Training},
  year      = {2023},
}

@InProceedings{maddison2017the,
  author    = {Maddison, Chris J. and Mnih, Andriy and Teh, Yee Whye},
  booktitle = {International Conference on Learning Representations ({ICLR})},
  title     = {The Concrete Distribution: A Continuous Relaxation of Discrete Random Variables},
  year      = {2017},
}

@InProceedings{han2020stein,
  author    = {Han, Jun and Ding, Fan and Liu, Xianglong and Torresani, Lorenzo and Peng, Jian and Liu, Qiang},
  booktitle = {International Conference on Artificial Intelligence and Statistics ({AISTATS})},
  title     = {Stein variational inference for discrete distributions},
  year      = {2020},
}

@InProceedings{wojnowicz2022easy,
  author       = {Wojnowicz, Michael T. and Aeron, Shuchin and Miller, Eric L. and Hughes, Michael},
  booktitle    = {International Conference on Machine Learning ({ICML})},
  title        = {Easy Variational Inference for Categorical Models via an Independent Binary Approximation},
  year         = {2022},
}

@Article{Walker1969,
  author  = {Walker, A. M.},
  journal = {Journal of the Royal Statistical Society: Series B (Methodological)},
  title   = {On the asymptotic behaviour of posterior distributions},
  year    = {1969},
  number  = {1},
  volume  = {31},
}

@Article{Zhao2023,
  author  = {Zhao, Yuan and Nassar, Josue and Jordan, Ian and Bugallo, Monica and Park, Il Memming},
  journal = {{IEEE} Transactions on Pattern Analysis and Machine Intelligence},
  title   = {Streaming Variational {Monte} {Carlo}},
  year    = {2023},
  number  = {1},
  volume  = {45},
}

@InProceedings{jang2017categorical,
  author    = {Jang, Eric and Gu, Shixiang and Poole, Ben},
  booktitle = {International Conference on Learning Representations ({ICLR})},
  title     = {Categorical Reparameterization with {Gumbel}-Softmax},
  year      = {2017},
}

@Article{hu2023amortizing,
  author        = {Hu, Edward J. and Jain, Moksh and Elmoznino, Eric and Kaddar, Younesse and Lajoie, Guillaume and Bengio, Yoshua and Malkin, Nikolay},
  title         = {Amortizing intractable inference in large language models},
  year          = {2023},
  archiveprefix = {arXiv},
  eprint        = {2310.04363},
  primaryclass  = {cs.LG},
  journal = {arXiv preprint arxiv:2310.04363}
}

@InProceedings{theory,
  author    = {Salem Lahlou and Tristan Deleu and Pablo Lemos and Dinghuai Zhang and Alexandra Volokhova and Alex Hernández-García and Léna Néhale Ezzine and Yoshua Bengio and Nikolay Malkin},
  booktitle = {International Conference on Machine Learning ({ICML})},
  title     = {A theory of continuous generative flow networks},
  year      = {2023},
}

@InProceedings{stochastic,
  author    = {Pan, Ling and Zhang, Dinghuai and Jain, Moksh and Huang, Longbo and Bengio, Yoshua},
  booktitle = {Conference on Uncertainty in Artificial Intelligence ({UAI})},
  title     = {Stochastic Generative Flow Networks},
  year      = {2023},
}

@InProceedings{Paszke_PyTorch_An_Imperative_2019,
  author    = {Paszke, Adam and Gross, Sam and Massa, Francisco and Lerer, Adam and Bradbury, James and Chanan, Gregory and Killeen, Trevor and Lin, Zeming and Gimelshein, Natalia and Antiga, Luca and Desmaison, Alban and Kopf, Andreas and Yang, Edward and DeVito, Zachary and Raison, Martin and Tejani, Alykhan and Chilamkurthy, Sasank and Steiner, Benoit and Fang, Lu and Bai, Junjie and Chintala, Soumith},
  booktitle = {Advances in Neural Information Processing Systems ({NeurIPS})},
  title     = {{PyTorch}: An Imperative Style, High-Performance Deep Learning Library},
  year      = {2019},
}

@Article{xu2018powerful,
  author  = {Xu, Keyulu and Hu, Weihua and Leskovec, Jure and Jegelka, Stefanie},
  journal = {International Conference on Learning Representations ({ICLR})},
  title   = {How powerful are graph neural networks?},
  year    = {2019},
}

@InProceedings{Madan2022LearningGF,
  author    = {Madan, Kanika and Rector-Brooks, Jarrid and Korablyov, Maksym and Bengio, Emmanuel and Jain, Moksh and Nica, Andrei Cristian and Bosc, Tom and Bengio, Yoshua and Malkin, Nikolay},
  booktitle = {International Conference on Machine Learning ({ICML})},
  title     = {Learning {GFlowNets} from partial episodes for improved convergence and stability},
  year      = {2022},
}

@Article{Bissiri2016,
  author  = {Bissiri, Pier Giovanni and Holmes, Chris and Walker, Stephen},
  journal = {Journal of the Royal Statistical Society: Series B (Methodological)},
  title   = {A General Framework for Updating Belief Distributions},
  year    = {2016},
  number  = {5},
  volume  = {78},
}

@Book{Flajolet2009,
  author    = {Flajolet, Philippe and Sedgewick, Robert},
  publisher = {Cambridge University Press},
  title     = {Analytic Combinatorics},
  year      = {2009},
  edition   = {1},
}

@InProceedings{Goodfellow2014,
  author    = {Goodfellow, Ian J. and Mirza, Mehdi and Da, Xia and Courville, Aaron C. and Bengio, Yoshua},
  booktitle = {International Conference on Learning Representations ({ICLR})},
  title     = {An Empirical Investigation of Catastrophic Forgeting in Gradient-Based Neural Networks},
  year      = {2014},
}

@InCollection{McCloskey1989,
  author    = {McCloskey, Michael and Cohen, Neal J.},
  booktitle = {Psychology of Learning and Motivation},
  publisher = {Academic Press},
  title     = {Catastrophic Interference in Connectionist Networks: The Sequential Learning Problem},
  year      = {1989},
  volume    = {24},
}

@Article{Knoblauch2022,
  author  = {Knoblauch, Jeremias and Jewson, Jack and Damoulas, Theodoros},
  journal = {Journal of Machine Learning Research ({JMLR})},
  title   = {An Optimization-centric View on {Bayes'} Rule: Reviewing and Generalizing Variational Inference},
  year    = {2022},
  number  = {132},
  volume  = {23},
}

@Article{cranmer2020frontier,
  author    = {Cranmer, Kyle and Brehmer, Johann and Louppe, Gilles},
  journal   = {Proceedings of the National Academy of Sciences},
  title     = {The frontier of simulation-based inference},
  year      = {2020},
  number    = {48},
  volume    = {117},
  publisher = {National Acad Sciences},
}

@InProceedings{mittal2023exploring,
  author    = {Mittal, Sarthak and Bracher, Niels Leif and Lajoie, Guillaume and Jaini, Priyank and Brubaker, Marcus A.},
  booktitle = {{ICML} 2023 Workshop on Structured Probabilistic Inference / Generative Modeling},
  title     = {Exploring Exchangeable Dataset Amortization for {Bayesian} Posterior Inference},
  year      = {2023},
}

@Article{richter2020vargrad,
  author  = {Richter, Lorenz and Boustati, Ayman and N{\"u}sken, Nikolas and Ruiz, Francisco and Akyildiz, Omer Deniz},
  journal = {Advances in Neural Information Processing Systems ({NeurIPS})},
  title   = {VarGrad: a low-variance gradient estimator for variational inference},
  year    = {2020},
  volume  = {33},
}

@Article{sendera2024diffusion,
  author        = {Sendera, Marcin and Kim, Minsu and Mittal, Sarthak and Lemos, Pablo and Scimeca, Luca and Rector-Brooks, Jarrid and Adam, Alexandre and Bengio, Yoshua and Malkin, Nikolay},
  title         = {On diffusion models for amortized inference: Benchmarking and improving stochastic control and sampling},
  year          = {2024},
  archiveprefix = {arXiv},
  eprint        = {2402.05098},
  primaryclass  = {cs.LG},
  journal = {arXiv preprint arxiv:2307.01198}
}

@Article{berner2022optimal,
  author        = {Julius Berner and Lorenz Richter and Karen Ullrich},
  title         = {An optimal control perspective on diffusion-based generative modeling},
  year          = {2024},
  archiveprefix = {arXiv},
  eprint        = {2211.01364},
  primaryclass  = {cs.LG},
  journal = {arXiv preprint arxiv:2211.01364}
}

@Article{akhound2024iterated,
  author        = {Tara Akhound-Sadegh and Jarrid Rector-Brooks and Avishek Joey Bose and Sarthak Mittal and Pablo Lemos and Cheng-Hao Liu and Marcin Sendera and Siamak Ravanbakhsh and Gauthier Gidel and Yoshua Bengio and Nikolay Malkin and Alexander Tong},
  title         = {Iterated Denoising Energy Matching for Sampling from {Boltzmann} Densities},
  year          = {2024},
  archiveprefix = {arXiv},
  eprint        = {2402.06121},
  primaryclass  = {cs.LG},
  journal = {arXiv preprint arxiv:2402.06121}
}

@Article{richter2023improved,
  author        = {Richter, Lorenz and Berner, Julius},
  title         = {Improved sampling via learned diffusions},
  year          = {2023},
  archiveprefix = {arXiv},
  eprint        = {2307.01198},
  primaryclass  = {cs.LG},
  journal = {arXiv preprint arxiv:2307.01198}
}

@Book{newman,
  author    = {Newman, Mark},
  publisher = {Oxford University Press},
  title     = {Networks},
  year      = {2018},
}

@Comment{jabref-meta: databaseType:bibtex;}

@Comment{jabref-meta: grouping:
0 AllEntriesGroup:;
1 TexGroup:Cited\;0\;/home/sentr/Downloads/output.aux\;1\;0xff00ffff\;\;\;;
}
