@inproceedings{katharopoulos2020transformers,
  title={Transformers are rnns: Fast autoregressive transformers with linear attention},
  author={Katharopoulos, Angelos and Vyas, Apoorv and Pappas, Nikolaos and Fleuret, Fran{\c{c}}ois},
  booktitle={International Conference on Machine Learning},
  pages={5156--5165},
  year={2020},
  organization={PMLR}
}