@article{mandelbrot1985self,
  title={Self-affine fractals and fractal dimension},
  author={Mandelbrot, Benoit B},
  journal={Physica scripta},
  volume={32},
  number={4},
  pages={257},
  year={1985},
  publisher={IOP Publishing}
}

@article{romero2021flexconv,
  title={Flexconv: Continuous kernel convolutions with differentiable kernel sizes},
  author={Romero, David W and Bruintjes, Robert-Jan and Tomczak, Jakub M and Bekkers, Erik J and Hoogendoorn, Mark and van Gemert, Jan C},
  journal={arXiv preprint arXiv:2110.08059},
  year={2021}
}
@inbook{10.5555/191581.191600,
author = {\O{}ien, G. E. and Leps\o{}y, S.},
title = {A Class of Fractal Image Coders with Fast Decoder Convergence},
year = {1995},
isbn = {0387942114},
publisher = {Springer-Verlag},
address = {Berlin, Heidelberg},
booktitle = {Fractal Image Compression: Theory and Application},
pages = {153â€“175},
numpages = {23}
}

@article{hoffmann2022training,
  title={Training Compute-Optimal Large Language Models},
  author={Hoffmann, Jordan and Borgeaud, Sebastian and Mensch, Arthur and Buchatskaya, Elena and Cai, Trevor and Rutherford, Eliza and Casas, Diego de Las and Hendricks, Lisa Anne and Welbl, Johannes and Clark, Aidan and others},
  journal={arXiv preprint arXiv:2203.15556},
  year={2022}
}

@article{garg2022can,
  title={What can transformers learn in-context? a case study of simple function classes},
  author={Garg, Shivam and Tsipras, Dimitris and Liang, Percy and Valiant, Gregory},
  journal={arXiv preprint arXiv:2208.01066},
  year={2022}
}

@article{gao2020pile,
  title={The pile: An 800gb dataset of diverse text for language modeling},
  author={Gao, Leo and Biderman, Stella and Black, Sid and Golding, Laurence and Hoppe, Travis and Foster, Charles and Phang, Jason and He, Horace and Thite, Anish and Nabeshima, Noa and others},
  journal={arXiv preprint arXiv:2101.00027},
  year={2020}
}

@article{liang2022holistic,
  title={Holistic evaluation of language models},
  author={Liang, Percy and Bommasani, Rishi and Lee, Tony and Tsipras, Dimitris and Soylu, Dilara and Yasunaga, Michihiro and Zhang, Yian and Narayanan, Deepak and Wu, Yuhuai and Kumar, Ananya and others},
  journal={arXiv preprint arXiv:2211.09110},
  year={2022}
}

@article{massaroli2020dissecting,
  title={Dissecting neural odes},
  author={Massaroli, Stefano and Poli, Michael and Park, Jinkyoo and Yamashita, Atsushi and Asama, Hajime},
  journal={Advances in Neural Information Processing Systems},
  volume={33},
  pages={3952--3963},
  year={2020}
}

@article{power2022grokking,
  title={Grokking: Generalization beyond overfitting on small algorithmic datasets},
  author={Power, Alethea and Burda, Yuri and Edwards, Harri and Babuschkin, Igor and Misra, Vedant},
  journal={arXiv preprint arXiv:2201.02177},
  year={2022}
}

@article{elhage2021mathematical,
  title={A mathematical framework for transformer circuits},
  author={Elhage, N and Nanda, N and Olsson, C and Henighan, T and Joseph, N and Mann, B and Askell, A and Bai, Y and Chen, A and Conerly, T and others},
  journal={Transformer Circuits Thread},
  year={2021}
}

@article{raecompressive2019,
author = {Rae, Jack W and Potapenko, Anna and Jayakumar, Siddhant M and
          Hillier, Chloe and Lillicrap, Timothy P},
title = {Compressive Transformers for Long-Range Sequence Modelling},
journal = {arXiv preprint},
url = {https://arxiv.org/abs/1911.05507},
year = {2019},
}

@article{paperno2016lambada,
  title={The LAMBADA dataset: Word prediction requiring a broad discourse context},
  author={Paperno, Denis and Kruszewski, Germ{\'a}n and Lazaridou, Angeliki and Pham, Quan Ngoc and Bernardi, Raffaella and Pezzelle, Sandro and Baroni, Marco and Boleda, Gemma and Fern{\'a}ndez, Raquel},
  journal={arXiv preprint arXiv:1606.06031},
  year={2016}
}

@inproceedings{fathony2021multiplicative,
  title={Multiplicative filter networks},
  author={Fathony, Rizal and Sahu, Anit Kumar and Willmott, Devin and Kolter, J Zico},
  booktitle={International Conference on Learning Representations},
  year={2021}
}

@article{zhang2022unveiling,
  title={Unveiling transformers with lego: a synthetic reasoning task},
  author={Zhang, Yi and Backurs, Arturs and Bubeck, S{\'e}bastien and Eldan, Ronen and Gunasekar, Suriya and Wagner, Tal},
  journal={arXiv preprint arXiv:2206.04301},
  year={2022}
}

@article{olsson2022context,
  title={In-context learning and induction heads},
  author={Olsson, Catherine and Elhage, Nelson and Nanda, Neel and Joseph, Nicholas and DasSarma, Nova and Henighan, Tom and Mann, Ben and Askell, Amanda and Bai, Yuntao and Chen, Anna and others},
  journal={arXiv preprint arXiv:2209.11895},
  year={2022}
}

@inproceedings{dao2019learning,
  title={Learning fast algorithms for linear transforms using butterfly factorizations},
  author={Dao, Tri and Gu, Albert and Eichhorn, Matthew and Rudra, Atri and R{\'e}, Christopher},
  booktitle={International conference on machine learning},
  pages={1517--1527},
  year={2019},
  organization={PMLR}
}

@inproceedings{dao2022monarch,
  title={Monarch: Expressive structured matrices for efficient and accurate training},
  author={Dao, Tri and Chen, Beidi and Sohoni, Nimit S and Desai, Arjun and Poli, Michael and Grogan, Jessica and Liu, Alexander and Rao, Aniruddh and Rudra, Atri and R{\'e}, Christopher},
  booktitle={International Conference on Machine Learning},
  pages={4690--4721},
  year={2022},
  organization={PMLR}
}

@article{li2015butterfly,
  title={Butterfly factorization},
  author={Li, Yingzhou and Yang, Haizhao and Martin, Eileen R and Ho, Kenneth L and Ying, Lexing},
  journal={Multiscale Modeling \& Simulation},
  volume={13},
  number={2},
  pages={714--732},
  year={2015},
  publisher={SIAM}
}

@article{dosovitskiy2020image,
  title={An image is worth 16x16 words: Transformers for image recognition at scale},
  author={Dosovitskiy, Alexey and Beyer, Lucas and Kolesnikov, Alexander and Weissenborn, Dirk and Zhai, Xiaohua and Unterthiner, Thomas and Dehghani, Mostafa and Minderer, Matthias and Heigold, Georg and Gelly, Sylvain and others},
  journal={arXiv preprint arXiv:2010.11929},
  year={2020}
}

@article{barnsley1996fractal,
  title={Fractal image compression},
  author={Barnsley, Michael F and others},
  journal={Notices of the AMS},
  volume={43},
  number={6},
  pages={657--662},
  year={1996}
}

@article{dao2022hungry,
  title={Hungry Hungry Hippos: Towards Language Modeling with State Space Models},
  author={Dao, Tri and Fu, Daniel Y and Saab, Khaled K and Thomas, Armin W and Rudra, Atri and R{\'e}, Christopher},
  journal={arXiv preprint arXiv:2212.14052},
  year={2022}
}

@article{zhai2021attention,
  title={An attention free transformer},
  author={Zhai, Shuangfei and Talbott, Walter and Srivastava, Nitish and Huang, Chen and Goh, Hanlin and Zhang, Ruixiang and Susskind, Josh},
  journal={arXiv preprint arXiv:2105.14103},
  year={2021}
}

@article{wang2022pretraining,
  title={Pretraining Without Attention},
  author={Wang, Junxiong and Yan, Jing Nathan and Gu, Albert and Rush, Alexander M},
  journal={arXiv preprint arXiv:2212.10544},
  year={2022}
}

@article{song2005self,
  title={Self-similarity of complex networks},
  author={Song, Chaoming and Havlin, Shlomo and Makse, Hernan A},
  journal={Nature},
  volume={433},
  number={7024},
  pages={392--395},
  year={2005},
  publisher={Nature Publishing Group}
}


@book{barnsley1993fractal,
  title={Fractal image compression},
  author={Barnsley, Michael Fielding and Hurd, Lyman P},
  volume={366},
  year={1993},
  publisher={AK peters Wellesley}
}

@article{dupont2021coin,
  title={COIN: COmpression with Implicit Neural representations},
  author={Dupont, Emilien and Goli{\'n}ski, Adam and Alizadeh, Milad and Teh, Yee Whye and Doucet, Arnaud},
  journal={arXiv preprint arXiv:2103.03123},
  year={2021}
}

@book{welstead1999fractal,
  title={Fractal and wavelet image compression techniques},
  author={Welstead, Stephen T},
  volume={40},
  year={1999},
  publisher={Spie Press}
}

@article{child2020very,
  title={Very deep vaes generalize autoregressive models and can outperform them on images},
  author={Child, Rewon},
  journal={arXiv preprint arXiv:2011.10650},
  year={2020}
}

@article{vahdat2020nvae,
  title={Nvae: A deep hierarchical variational autoencoder},
  author={Vahdat, Arash and Kautz, Jan},
  journal={arXiv preprint arXiv:2007.03898},
  year={2020}
}

@article{jacquin1992image,
  title={Image coding based on a fractal theory of iterated contractive image transformations},
  author={Jacquin, Arnaud E and others},
  journal={IEEE Transactions on image processing},
  volume={1},
  number={1},
  pages={18--30},
  year={1992},
  publisher={Citeseer}
}

@book{barnsley2014fractals,
  title={Fractals everywhere},
  author={Barnsley, Michael F},
  year={2014},
  publisher={Academic press}
}

@book{mandelbrot1982fractal,
  title={The fractal geometry of nature},
  author={Mandelbrot, Benoit B and Mandelbrot, Benoit B},
  volume={1},
  year={1982},
  publisher={WH freeman New York}
}

@article{jacquin1993fractal,
  title={Fractal image coding: A review},
  author={Jacquin, Arnaud E},
  journal={Proceedings of the IEEE},
  volume={81},
  number={10},
  pages={1451--1465},
  year={1993},
  publisher={IEEE}
}

@book{dunford1988linear,
  title={Linear operators, part 1: general theory},
  author={Dunford, Nelson and Schwartz, Jacob T},
  volume={10},
  year={1988},
  publisher={John Wiley \& Sons}
}

@article{sun2001neural,
  title={Neural network approaches to fractal image compression and decompression},
  author={Sun, KT and Lee, SJ and Wu, PY},
  journal={Neurocomputing},
  volume={41},
  number={1-4},
  pages={91--107},
  year={2001},
  publisher={Elsevier}
}

@misc{trockman2022patches,
      title={Patches Are All You Need?}, 
      author={Asher Trockman and J. Zico Kolter},
      year={2022},
      eprint={2201.09792},
      archivePrefix={arXiv},
      primaryClass={cs.CV}
}

@article{jaegle2021perceiver,
  title={Perceiver io: A general architecture for structured inputs \& outputs},
  author={Jaegle, Andrew and Borgeaud, Sebastian and Alayrac, Jean-Baptiste and Doersch, Carl and Ionescu, Catalin and Ding, David and Koppula, Skanda and Zoran, Daniel and Brock, Andrew and Shelhamer, Evan and others},
  journal={arXiv preprint arXiv:2107.14795},
  year={2021}
}

@inproceedings{alemi2018fixing,
  title={Fixing a broken ELBO},
  author={Alemi, Alexander and Poole, Ben and Fischer, Ian and Dillon, Joshua and Saurous, Rif A and Murphy, Kevin},
  booktitle={International Conference on Machine Learning},
  pages={159--168},
  year={2018},
  organization={PMLR}
}

@article{kingma2013auto,
  title={Auto-encoding variational bayes},
  author={Kingma, Diederik P and Welling, Max},
  journal={arXiv preprint arXiv:1312.6114},
  year={2013}
}

@article{loshchilov2017decoupled,
  title={Decoupled weight decay regularization},
  author={Loshchilov, Ilya and Hutter, Frank},
  journal={arXiv preprint arXiv:1711.05101},
  year={2017}
}

@article{higgins2016beta,
  title={beta-vae: Learning basic visual concepts with a constrained variational framework},
  author={Higgins, Irina and Matthey, Loic and Pal, Arka and Burgess, Christopher and Glorot, Xavier and Botvinick, Matthew and Mohamed, Shakir and Lerchner, Alexander},
  year={2016}
}

@article{song2020score,
  title={Score-based generative modeling through stochastic differential equations},
  author={Song, Yang and Sohl-Dickstein, Jascha and Kingma, Diederik P and Kumar, Abhishek and Ermon, Stefano and Poole, Ben},
  journal={arXiv preprint arXiv:2011.13456},
  year={2020}
}

@article{kingma2021variational,
  title={Variational diffusion models},
  author={Kingma, Diederik P and Salimans, Tim and Poole, Ben and Ho, Jonathan},
  journal={arXiv preprint arXiv:2107.00630},
  year={2021}
}

@article{bai2019deep,
  title={Deep equilibrium models},
  author={Bai, Shaojie and Kolter, J Zico and Koltun, Vladlen},
  journal={arXiv preprint arXiv:1909.01377},
  year={2019}
}

@inproceedings{vaswani2017attention,
  title={Attention is all you need},
  author={Vaswani, Ashish and Shazeer, Noam and Parmar, Niki and Uszkoreit, Jakob and Jones, Llion and Gomez, Aidan N and Kaiser, {\L}ukasz and Polosukhin, Illia},
  booktitle={Advances in neural information processing systems},
  pages={5998--6008},
  year={2017}
}

@article{sitzmann2020implicit,
  title={Implicit neural representations with periodic activation functions},
  author={Sitzmann, Vincent and Martel, Julien NP and Bergman, Alexander W and Lindell, David B and Wetzstein, Gordon},
  journal={arXiv preprint arXiv:2006.09661},
  year={2020}
}

@inproceedings{mildenhall2020nerf,
  title={Nerf: Representing scenes as neural radiance fields for view synthesis},
  author={Mildenhall, Ben and Srinivasan, Pratul P and Tancik, Matthew and Barron, Jonathan T and Ramamoorthi, Ravi and Ng, Ren},
  booktitle={European conference on computer vision},
  pages={405--421},
  year={2020},
  organization={Springer}
}


@article{poli2020torchdyn,
  title={Torchdyn: A neural differential equations library},
  author={Poli, Michael and Massaroli, Stefano and Yamashita, Atsushi and Asama, Hajime and Park, Jinkyoo},
  journal={arXiv preprint arXiv:2009.09346},
  year={2020}
}

@article{ha2016hypernetworks,
  title={Hypernetworks},
  author={Ha, David and Dai, Andrew and Le, Quoc V},
  journal={arXiv preprint arXiv:1609.09106},
  year={2016}
}

@article{huang2021textrm,
  title={$\textrm{Implicit}^2$: Implicit Layers for Implicit Representations},
  author={Huang, Zhichun and Bai, Shaojie and Kolter, J Zico},
  journal={Advances in Neural Information Processing Systems},
  volume={34},
  year={2021}
}

@article{massaroli2021differentiable,
  title={Differentiable Multiple Shooting Layers},
  author={Massaroli, Stefano and Poli, Michael and Sonoda, Sho and Suzuki, Taji and Park, Jinkyoo and Yamashita, Atsushi and Asama, Hajime},
  journal={arXiv preprint arXiv:2106.03885},
  year={2021}
}

@misc{barnsley1990methods,
  title={Methods and apparatus for image compression by iterated function system},
  author={Barnsley, Michael F and Sloan, Alan D},
  year={1990},
  month=jul # "~10",
  publisher={Google Patents},
  note={US Patent 4,941,193}
}

@inproceedings{chen2013fractal,
  title={Fractal video compression in OpenCL: An evaluation of CPUs, GPUs, and FPGAs as acceleration platforms},
  author={Chen, Doris and Singh, Deshanand},
  booktitle={2013 18th Asia and South Pacific Design Automation Conference (ASP-DAC)},
  pages={297--304},
  year={2013},
  organization={IEEE}
}

@InProceedings{Xia_2018_CVPR,
author = {Xia, Gui-Song and Bai, Xiang and Ding, Jian and Zhu, Zhen and Belongie, Serge and Luo, Jiebo and Datcu, Mihai and Pelillo, Marcello and Zhang, Liangpei},
title = {DOTA: A Large-Scale Dataset for Object Detection in Aerial Images},
booktitle = {The IEEE Conference on Computer Vision and Pattern Recognition (CVPR)},
month = {June},
year = {2018}
}

@book{martelli2011introduction,
  title={Introduction to discrete dynamical systems and chaos},
  author={Martelli, Mario},
  volume={53},
  year={2011},
  publisher={John Wiley \& Sons}
}

@article{osher2004level,
  title={Level set methods and dynamic implicit surfaces},
  author={Osher, Stanley and Fedkiw, Ronald and Piechor, K},
  journal={Appl. Mech. Rev.},
  volume={57},
  number={3},
  pages={B15--B15},
  year={2004}
}

@inproceedings{guido2006fractal,
  title={A Fractal and Wavelet-Based Approach for Audio Coding.},
  author={Guido, Rodrigo Capobianco and Vieira, Lucimar Sasso and Junior, Sylvio Barbon and Sanchez, Fabricio Lopes and Guilherme, Marcio Borges Alonso and Sergio, Kim Inocencio Cesar and Scarpa, Thais Lorasqui and Fonseca, Everthon Silva and Pereira, Jose Carlos and Monteiro, Mauricio},
  booktitle={Eighth IEEE International Symposium on Multimedia (ISM'06)},
  pages={253--256},
  year={2006},
  organization={IEEE}
}

@book{fisher2012fractal,
  title={Fractal image compression: theory and application},
  author={Fisher, Yuval},
  year={2012},
  publisher={Springer Science \& Business Media}
}

@inproceedings{xia2018dota,
  title={DOTA: A large-scale dataset for object detection in aerial images},
  author={Xia, Gui-Song and Bai, Xiang and Ding, Jian and Zhu, Zhen and Belongie, Serge and Luo, Jiebo and Datcu, Mihai and Pelillo, Marcello and Zhang, Liangpei},
  booktitle={Proceedings of the IEEE conference on computer vision and pattern recognition},
  pages={3974--3983},
  year={2018}
}

@inproceedings{
anonymous2022patches,
title={Patches Are All You Need?},
author={Anonymous},
booktitle={Submitted to The Tenth International Conference on Learning Representations },
year={2022},
url={https://openreview.net/forum?id=TVHS5Y4dNvM},
note={under review}
}

@incollection{masci2016geometric,
  title={Geometric deep learning},
  author={Masci, Jonathan and Rodol{\`a}, Emanuele and Boscaini, Davide and Bronstein, Michael M and Li, Hao},
  booktitle={SIGGRAPH ASIA 2016 Courses},
  pages={1--50},
  year={2016}
}

@article{rackauckas2020universal,
  title={Universal differential equations for scientific machine learning},
  author={Rackauckas, Christopher and Ma, Yingbo and Martensen, Julius and Warner, Collin and Zubov, Kirill and Supekar, Rohit and Skinner, Dominic and Ramadhan, Ali and Edelman, Alan},
  journal={arXiv preprint arXiv:2001.04385},
  year={2020}
}

@article{dao2020kaleidoscope,
  title={Kaleidoscope: An efficient, learnable representation for all structured linear maps},
  author={Dao, Tri and Sohoni, Nimit S and Gu, Albert and Eichhorn, Matthew and Blonder, Amit and Leszczynski, Megan and Rudra, Atri and R{\'e}, Christopher},
  journal={arXiv preprint arXiv:2012.14966},
  year={2020}
}

@article{bronstein2021geometric,
  title={Geometric deep learning: Grids, groups, graphs, geodesics, and gauges},
  author={Bronstein, Michael M and Bruna, Joan and Cohen, Taco and Veli{\v{c}}kovi{\'c}, Petar},
  journal={arXiv preprint arXiv:2104.13478},
  year={2021}
}

@article{laizet2009multiscale,
  title={Multiscale generation of turbulence},
  author={Laizet, S and Vassilicos, JC},
  journal={Journal of Multiscale Modelling},
  volume={1},
  number={01},
  pages={177--196},
  year={2009},
  publisher={World Scientific}
}

@article{mandelbrot1980fractal,
  title={Fractal aspects of the iteration of zâ†’ $\Lambda$z (1-z) for complex $\Lambda$ and z},
  author={Mandelbrot, Benoit B},
  journal={Annals of the New York Academy of Sciences},
  volume={357},
  number={1},
  pages={249--259},
  year={1980},
  publisher={Blackwell Publishing Ltd Oxford, UK}
}

@article{tishby2000information,
  title={The information bottleneck method},
  author={Tishby, Naftali and Pereira, Fernando C and Bialek, William},
  journal={arXiv preprint physics/0004057},
  year={2000}
}

@inproceedings{lee2007efficient,
  title={Efficient sparse coding algorithms},
  author={Lee, Honglak and Battle, Alexis and Raina, Rajat and Ng, Andrew Y},
  booktitle={Advances in neural information processing systems},
  pages={801--808},
  year={2007}
}

@article{barnsley1986fractal,
  title={Fractal functions and interpolation},
  author={Barnsley, Michael F},
  journal={Constructive approximation},
  volume={2},
  number={1},
  pages={303--329},
  year={1986},
  publisher={Springer}
}

@article{barnsley1985iterated,
  title={Iterated function systems and the global construction of fractals},
  author={Barnsley, Michael F and Demko, Stephen},
  journal={Proceedings of the Royal Society of London. A. Mathematical and Physical Sciences},
  volume={399},
  number={1817},
  pages={243--275},
  year={1985},
  publisher={The Royal Society London}
}

@article{barnsley1986solution,
  title={Solution of an inverse problem for fractals and other sets},
  author={Barnsley, Michael F and Ervin, Vincent and Hardin, Doug and Lancaster, John},
  journal={Proceedings of the National Academy of Sciences of the United States of America},
  volume={83},
  number={7},
  pages={1975},
  year={1986},
  publisher={National Academy of Sciences}
}
%%%%%%%%%%%%%%%%%%%%
@article{hutchinson1981fractals,
  title={Fractals and self similarity},
  author={Hutchinson, John E},
  journal={Indiana University Mathematics Journal},
  volume={30},
  number={5},
  pages={713--747},
  year={1981},
  publisher={JSTOR}
}

@book{vulpiani2009chaos,
  title={Chaos: from simple models to complex systems},
  author={Vulpiani, Angelo and Cecconi, Fabio and Cencini, Massimo},
  volume={17},
  year={2009},
  publisher={World Scientific}
}

@article{julia1918memoire,
  title={M{\'e}moire sur l'it{\'e}ration des fonctions rationnelles},
  author={Julia, Gaston},
  journal={J. Math. Pures Appl.},
  volume={8},
  pages={47--245},
  year={1918}
}

@article{mitra2000technique,
  title={A technique for image magnification using partitioned iterativdupont2022coine function system},
  author={Mitra, Suman K and Murthy, CA and Kundu, Malay K},
  journal={Pattern recognition},
  volume={33},
  number={7},
  pages={1119--1133},
  year={2000},
  publisher={Elsevier}
}

@inproceedings{kataoka2020pre,
  title={Pre-training without natural images},
  author={Kataoka, Hirokatsu and Okayasu, Kazushige and Matsumoto, Asato and Yamagata, Eisuke and Yamada, Ryosuke and Inoue, Nakamasa and Nakamura, Akio and Satoh, Yutaka},
  booktitle={Proceedings of the Asian Conference on Computer Vision},
  year={2020}
}

@article{dupont2022coin++,
  title={COIN++: Data Agnostic Neural Compression},
  author={Dupont, Emilien and Loya, Hrushikesh and Alizadeh, Milad and Goli{\'n}ski, Adam and Teh, Yee Whye and Doucet, Arnaud},
  journal={arXiv preprint arXiv:2201.12904},
  year={2022}
}

@article{tang2022quadtree,
  title={QuadTree Attention for Vision Transformers},
  author={Tang, Shitao and Zhang, Jiahui and Zhu, Siyu and Tan, Ping},
  journal={arXiv preprint arXiv:2201.02767},
  year={2022}
}

@article{zha2020image,
  title={Image restoration via simultaneous nonlocal self-similarity priors},
  author={Zha, Zhiyuan and Yuan, Xin and Zhou, Jiantao and Zhu, Ce and Wen, Bihan},
  journal={IEEE Transactions on Image Processing},
  volume={29},
  pages={8561--8576},
  year={2020},
  publisher={IEEE}
}

@article{hewg2022smithing,
  title={Tricks from the Roundtable Hold},
  author={Smithing Master Hewg},
  journal={Journal of Armament Smithing in The Lands Between},
  volume={31},
  pages={3489--2011},
  year={2022},
}


@article{cuomo2022scientific,
  title={Scientific Machine Learning through Physics-Informed Neural Networks: Where we are and What's next},
  author={Cuomo, Salvatore and Di Cola, Vincenzo Schiano and Giampaolo, Fabio and Rozza, Gianluigi and Raissi, Maizar and Piccialli, Francesco},
  journal={arXiv preprint arXiv:2201.05624},
  year={2022}
}
@misc{zygmund1968trigonometric,
  title={Trigonometric Series, corrected 2nd ed},
  author={Zygmund, Antoni},
  year={1968},
  publisher={Cambridge University Press}
}
@book{kailath2000linear,
  title={Linear estimation},
  author={Kailath, Thomas and Sayed, Ali H and Hassibi, Babak},
  number={BOOK},
  year={2000},
  publisher={Prentice Hall}
}
@article{falcon2019pytorch,
  title={Pytorch lightning},
  author={Falcon, William and others},
  journal={GitHub. Note: https://github. com/PyTorchLightning/pytorch-lightning},
  volume={3},
  pages={6},
  year={2019}
}

@article{paszkeimperative,
  title={An imperative style, high-performance deep learning library},
  author={Paszke, Pytorch},
  journal={Adv. Neural Inf. Process. Syst},
  number={32},
  pages={8026}
}
@article{paszke2017automatic,
  title={Automatic differentiation in pytorch},
  author={Paszke, Adam and Gross, Sam and Chintala, Soumith and Chanan, Gregory and Yang, Edward and DeVito, Zachary and Lin, Zeming and Desmaison, Alban and Antiga, Luca and Lerer, Adam},
  year={2017}
}

@article{brunton2020machine,
  title={Machine learning for fluid mechanics},
  author={Brunton, Steven L and Noack, Bernd R and Koumoutsakos, Petros},
  journal={Annual Review of Fluid Mechanics},
  volume={52},
  pages={477--508},
  year={2020},
  publisher={Annual Reviews}
}

@article{geuzaine2009gmsh,
  title={Gmsh: A 3-D finite element mesh generator with built-in pre-and post-processing facilities},
  author={Geuzaine, Christophe and Remacle, Jean-Fran{\c{c}}ois},
  journal={International journal for numerical methods in engineering},
  volume={79},
  number={11},
  pages={1309--1331},
  year={2009},
  publisher={Wiley Online Library}
}

@book{stein2011fourier,
  title={Fourier analysis: an introduction},
  author={Stein, Elias M and Shakarchi, Rami},
  volume={1},
  year={2011},
  publisher={Princeton University Press}
}

@article{wolf2019huggingface,
  title={Huggingface's transformers: State-of-the-art natural language processing},
  author={Wolf, Thomas and Debut, Lysandre and Sanh, Victor and Chaumond, Julien and Delangue, Clement and Moi, Anthony and Cistac, Pierric and Rault, Tim and Louf, R{\'e}mi and Funtowicz, Morgan and others},
  journal={arXiv preprint arXiv:1910.03771},
  year={2019}
}

@misc{rw2019timm,
  author = {Ross Wightman},
  title = {PyTorch Image Models},
  year = {2019},
  publisher = {GitHub},
  journal = {GitHub repository},
  doi = {10.5281/zenodo.4414861},
  howpublished = {\url{https://github.com/rwightman/pytorch-image-models}}
}

@article{thuerey2020deep,
  title={Deep learning methods for Reynolds-averaged Navier--Stokes simulations of airfoil flows},
  author={Thuerey, Nils and Wei{\ss}enow, Konstantin and Prantl, Lukas and Hu, Xiangyu},
  journal={AIAA Journal},
  volume={58},
  number={1},
  pages={25--36},
  year={2020},
  publisher={American Institute of Aeronautics and Astronautics}
}

@article{thuerey2021physics,
  title={Physics-based Deep Learning},
  author={Thuerey, Nils and Holl, Philipp and Mueller, Maximilian and Schnell, Patrick and Trost, Felix and Um, Kiwon},
  journal={arXiv preprint arXiv:2109.05237},
  year={2021}
}

@article{poli2020torchdyn,
  title={Torchdyn: A neural differential equations library},
  author={Poli, Michael and Massaroli, Stefano and Yamashita, Atsushi and Asama, Hajime and Park, Jinkyoo},
  journal={arXiv preprint arXiv:2009.09346},
  year={2020}
}

@inproceedings{glorot2010understanding,
  title={Understanding the difficulty of training deep feedforward neural networks},
  author={Glorot, Xavier and Bengio, Yoshua},
  booktitle={Proceedings of the thirteenth international conference on artificial intelligence and statistics},
  pages={249--256},
  year={2010},
  organization={JMLR Workshop and Conference Proceedings}
}

@inproceedings{holl2020phiflow,
  title={phiflow: A differentiable pde solving framework for deep learning via physical simulations},
  author={Holl, Philipp and Koltun, Vladlen and Um, Kiwon and Thuerey, Nils},
  booktitle={NeurIPS Workshop},
  year={2020}
}

@article{chen2020neurodiffeq,
  title={Neurodiffeq: A python package for solving differential equations with neural networks},
  author={Chen, Feiyu and Sondak, David and Protopapas, Pavlos and Mattheakis, Marios and Liu, Shuheng and Agarwal, Devansh and Di Giovanni, Marco},
  journal={Journal of Open Source Software},
  volume={5},
  number={46},
  pages={1931},
  year={2020}
}

@article{kidger2022neural,
  title={On neural differential equations},
  author={Kidger, Patrick},
  journal={arXiv preprint arXiv:2202.02435},
  year={2022}
}

@article{wang2021physics,
  title={Physics-guided deep learning for dynamical systems: A survey},
  author={Wang, Rui and Yu, Rose},
  journal={arXiv preprint arXiv:2107.01272},
  year={2021}
}

@article{karniadakis2021physics,
  title={Physics-informed machine learning},
  author={Karniadakis, George Em and Kevrekidis, Ioannis G and Lu, Lu and Perdikaris, Paris and Wang, Sifan and Yang, Liu},
  journal={Nature Reviews Physics},
  volume={3},
  number={6},
  pages={422--440},
  year={2021},
  publisher={Nature Publishing Group}
}

@article{poli2020hypersolvers,
  title={Hypersolvers: Toward fast continuous-depth models},
  author={Poli, Michael and Massaroli, Stefano and Yamashita, Atsushi and Asama, Hajime and Park, Jinkyoo},
  journal={Advances in Neural Information Processing Systems},
  volume={33},
  pages={21105--21117},
  year={2020}
}

@article{raissi2019physics,
  title={Physics-informed neural networks: A deep learning framework for solving forward and inverse problems involving nonlinear partial differential equations},
  author={Raissi, Maziar and Perdikaris, Paris and Karniadakis, George E},
  journal={Journal of Computational physics},
  volume={378},
  pages={686--707},
  year={2019},
  publisher={Elsevier}
}

@inproceedings{stiller2020large,
  title={Large-scale neural solvers for partial differential equations},
  author={Stiller, Patrick and Bethke, Friedrich and B{\"o}hme, Maximilian and Pausch, Richard and Torge, Sunna and Debus, Alexander and Vorberger, Jan and Bussmann, Michael and Hoffmann, Nico},
  booktitle={Smoky Mountains Computational Sciences and Engineering Conference},
  pages={20--34},
  year={2020},
  organization={Springer}
}

@article{coleman2017dawnbench,
  title={Dawnbench: An end-to-end deep learning benchmark and competition},
  author={Coleman, Cody and Narayanan, Deepak and Kang, Daniel and Zhao, Tian and Zhang, Jian and Nardi, Luigi and Bailis, Peter and Olukotun, Kunle and R{\'e}, Chris and Zaharia, Matei},
  journal={Training},
  volume={100},
  number={101},
  pages={102},
  year={2017}
}

%%%% transfer learning between systems
@article{desai2021one,
  title={One-Shot Transfer Learning of Physics-Informed Neural Networks},
  author={Desai, Shaan and Mattheakis, Marios and Joy, Hayden and Protopapas, Pavlos and Roberts, Stephen},
  journal={arXiv preprint arXiv:2110.11286},
  year={2021}
}

@article{magill2018neural,
  title={Neural networks trained to solve differential equations learn general representations},
  author={Magill, Martin and Qureshi, Faisal and de Haan, Hendrick},
  journal={Advances in Neural Information Processing Systems},
  volume={31},
  year={2018}
}


@article{raghu2019transfusion,
  title={Transfusion: Understanding transfer learning for medical imaging},
  author={Raghu, Maithra and Zhang, Chiyuan and Kleinberg, Jon and Bengio, Samy},
  journal={Advances in neural information processing systems},
  volume={32},
  year={2019}
}

@article{razakh2021pnd,
  title={PND: Physics-informed neural-network software for molecular dynamics applications},
  author={Razakh, Taufeq Mohammed and Wang, Beibei and Jackson, Shane and Kalia, Rajiv K and Nakano, Aiichiro and Nomura, Ken-ichi and Vashishta, Priya},
  journal={SoftwareX},
  volume={15},
  pages={100789},
  year={2021},
  publisher={Elsevier}
}

%%%% transfer learning and transformers

@article{gong2021ast,
  title={Ast: Audio spectrogram transformer},
  author={Gong, Yuan and Chung, Yu-An and Glass, James},
  journal={arXiv preprint arXiv:2104.01778},
  year={2021}
}

@inproceedings{deng2009imagenet,
  title={Imagenet: A large-scale hierarchical image database},
  author={Deng, Jia and Dong, Wei and Socher, Richard and Li, Li-Jia and Li, Kai and Fei-Fei, Li},
  booktitle={2009 IEEE conference on computer vision and pattern recognition},
  pages={248--255},
  year={2009},
  organization={Ieee}
}

@inproceedings{touvron2021training,
  title={Training data-efficient image transformers \& distillation through attention},
  author={Touvron, Hugo and Cord, Matthieu and Douze, Matthijs and Massa, Francisco and Sablayrolles, Alexandre and J{\'e}gou, Herv{\'e}},
  booktitle={International Conference on Machine Learning},
  pages={10347--10357},
  year={2021},
  organization={PMLR}
}

@article{gong2021ssast,
  title={SSAST: Self-Supervised Audio Spectrogram Transformer},
  author={Gong, Yuan and Lai, Cheng-I Jeff and Chung, Yu-An and Glass, James},
  journal={arXiv preprint arXiv:2110.09784},
  year={2021}
}

% CFD + DL

@inproceedings{obiols2020cfdnet,
  title={CFDNet: A deep learning-based accelerator for fluid simulations},
  author={Obiols-Sales, Octavi and Vishnu, Abhinav and Malaya, Nicholas and Chandramowliswharan, Aparna},
  booktitle={Proceedings of the 34th ACM international conference on supercomputing},
  pages={1--12},
  year={2020}
}

@article{um2020solver,
  title={Solver-in-the-loop: Learning from differentiable physics to interact with iterative pde-solvers},
  author={Um, Kiwon and Brand, Robert and Fei, Yun Raymond and Holl, Philipp and Thuerey, Nils},
  journal={Advances in Neural Information Processing Systems},
  volume={33},
  pages={6111--6122},
  year={2020}
}

@incollection{selesnick2017fast,
  title={Fast convolution and filtering},
  author={Selesnick, Ivan W and Burrus, C Sidney},
  booktitle={The Digital Signal Processing Handbook},
  pages={8--1},
  year={2017},
  publisher={CRC Press}
}

@misc{prudnikov1988integrals,
  title={Integrals and series},
  author={Prudnikov, Anatoli Platonovich and Brychkov, Yu A and Marichev, Oleg Igorevich and Romer, Robert H},
  year={1988},
  publisher={American Association of Physics Teachers}
}


@article{guibas2021adaptive,
  title={Adaptive Fourier Neural Operators: Efficient Token Mixers for Transformers},
  author={Guibas, John and Mardani, Morteza and Li, Zongyi and Tao, Andrew and Anandkumar, Anima and Catanzaro, Bryan},
  journal={arXiv preprint arXiv:2111.13587},
  year={2021}
}

@inproceedings{jasak2007openfoam,
  title={OpenFOAM: A C++ library for complex physics simulations},
  author={Jasak, Hrvoje and Jemcov, Aleksandar and Tukovic, Zeljko and others},
  booktitle={International workshop on coupled methods in numerical dynamics},
  volume={1000},
  pages={1--20},
  year={2007},
  organization={IUC Dubrovnik Croatia}
}


@article{tran2021factorized,
  title={Factorized Fourier Neural Operators},
  author={Tran, Alasdair and Mathews, Alexander and Xie, Lexing and Ong, Cheng Soon},
  journal={arXiv preprint arXiv:2111.13802},
  year={2021}
}



@article{mathiasen2020if,
  title={What if Neural Networks had SVDs?},
  author={Mathiasen, Alexander and Hvilsh{\o}j, Frederik and R{\o}dsgaard J{\o}rgensen, Jakob and Nasery, Anshul and Mottin, Davide},
  journal={Advances in Neural Information Processing Systems},
  volume={33},
  pages={18411--18420},
  year={2020}
}

@article{wen2022u,
  title={U-FNO--An enhanced Fourier neural operator-based deep-learning model for multiphase flow},
  author={Wen, Gege and Li, Zongyi and Azizzadenesheli, Kamyar and Anandkumar, Anima and Benson, Sally M},
  journal={Advances in Water Resources},
  pages={104180},
  year={2022},
  publisher={Elsevier}
}

@article{eckert2019scalarflow,
  title={ScalarFlow: a large-scale volumetric data set of real-world scalar transport flows for computer animation and machine learning},
  author={Eckert, Marie-Lena and Um, Kiwon and Thuerey, Nils},
  journal={ACM Transactions on Graphics (TOG)},
  volume={38},
  number={6},
  pages={1--16},
  year={2019},
  publisher={ACM New York, NY, USA}
}

@article{gupta2021multiwavelet,
  title={Multiwavelet-based operator learning for differential equations},
  author={Gupta, Gaurav and Xiao, Xiongye and Bogdan, Paul},
  journal={Advances in Neural Information Processing Systems},
  volume={34},
  year={2021}
}

@book{feynman2017character,
  title={The Character of Physical Law, with new foreword},
  author={Feynman, Richard},
  year={2017},
  publisher={MIT press}
}

@misc{wandb,
title = {Experiment Tracking with Weights and Biases},
year = {2020},
note = {Software available from wandb.com},
url={https://www.wandb.com/},
author = {Biewald, Lukas},
}

@article{strang1999discrete,
  title={The discrete cosine transform},
  author={Strang, Gilbert},
  journal={SIAM review},
  volume={41},
  number={1},
  pages={135--147},
  year={1999},
  publisher={SIAM}
}

@article{poli2022self,
  title={Self-Similarity Priors: Neural Collages as Differentiable Fractal Representations},
  author={Poli, Michael and Xu, Winnie and Massaroli, Stefano and Meng, Chenlin and Kim, Kuno and Ermon, Stefano},
  journal={arXiv preprint arXiv:2204.07673},
  year={2022}
}

@article{dupont2021coin,
  title={Coin: Compression with implicit neural representations},
  author={Dupont, Emilien and Goli{\'n}ski, Adam and Alizadeh, Milad and Teh, Yee Whye and Doucet, Arnaud},
  journal={arXiv preprint arXiv:2103.03123},
  year={2021}
}

@inproceedings{guibas2021efficient,
  title={Efficient Token Mixing for Transformers via Adaptive Fourier Neural Operators},
  author={Guibas, John and Mardani, Morteza and Li, Zongyi and Tao, Andrew and Anandkumar, Anima and Catanzaro, Bryan},
  booktitle={International Conference on Learning Representations},
  year={2021}
}

@article{ahmed1974discrete,
  title={Discrete cosine transform},
  author={Ahmed, Nasir and Natarajan, T\_ and Rao, Kamisetty R},
  journal={IEEE transactions on Computers},
  volume={100},
  number={1},
  pages={90--93},
  year={1974},
  publisher={IEEE}
}

@book{oppenheim1999discrete,
  title={Discrete-time signal processing},
  author={Oppenheim, Alan V},
  year={1999},
  publisher={Pearson Education India}
}

@inproceedings{pratt2017fcnn,
  title={Fcnn: Fourier convolutional neural networks},
  author={Pratt, Harry and Williams, Bryan and Coenen, Frans and Zheng, Yalin},
  booktitle={Joint European Conference on Machine Learning and Knowledge Discovery in Databases},
  pages={786--798},
  year={2017},
  organization={Springer}
}

@article{chi2020fast,
  title={Fast fourier convolution},
  author={Chi, Lu and Jiang, Borui and Mu, Yadong},
  journal={Advances in Neural Information Processing Systems},
  volume={33},
  pages={4479--4488},
  year={2020}
}

@inproceedings{chen2016compressing,
  title={Compressing convolutional neural networks in the frequency domain},
  author={Chen, Wenlin and Wilson, James and Tyree, Stephen and Weinberger, Kilian Q and Chen, Yixin},
  booktitle={Proceedings of the 22nd ACM SIGKDD International Conference on Knowledge Discovery and Data Mining},
  pages={1475--1484},
  year={2016}
}

@book{trefethen2019approximation,
  title={Approximation Theory and Approximation Practice, Extended Edition},
  author={Trefethen, Lloyd N},
  year={2019},
  publisher={SIAM}
}


@article{lu2019deeponet,
  title={Deeponet: Learning nonlinear operators for identifying differential equations based on the universal approximation theorem of operators},
  author={Lu, Lu and Jin, Pengzhan and Karniadakis, George Em},
  journal={arXiv preprint arXiv:1910.03193},
  year={2019}
}

@inproceedings{wang2020towards,
  title={Towards physics-informed deep learning for turbulent flow prediction},
  author={Wang, Rui and Kashinath, Karthik and Mustafa, Mustafa and Albert, Adrian and Yu, Rose},
  booktitle={Proceedings of the 26th ACM SIGKDD International Conference on Knowledge Discovery \& Data Mining},
  pages={1457--1466},
  year={2020}
}

@inproceedings{mathiesen2022hyperverlet,
  title={Hyperverlet: A Symplectic Hypersolver for Hamiltonian Systems},
  author={Mathiesen, Frederik and Yang, Bin and Hu, Jilin},
  booktitle={AAAI},
  year={2022}
}

@article{kochkov2021machine,
  title={Machine learning--accelerated computational fluid dynamics},
  author={Kochkov, Dmitrii and Smith, Jamie A and Alieva, Ayya and Wang, Qing and Brenner, Michael P and Hoyer, Stephan},
  journal={Proceedings of the National Academy of Sciences},
  volume={118},
  number={21},
  year={2021},
  publisher={National Acad Sciences}
}


@InProceedings{pmlr-v80-long18a,
  title = 	 {{PDE}-Net: Learning {PDE}s from Data},
  author =       {Long, Zichao and Lu, Yiping and Ma, Xianzhong and Dong, Bin},
  booktitle = 	 {Proceedings of the 35th International Conference on Machine Learning},
  pages = 	 {3208--3216},
  year = 	 {2018},
  editor = 	 {Dy, Jennifer and Krause, Andreas},
  volume = 	 {80},
  series = 	 {Proceedings of Machine Learning Research},
  month = 	 {10--15 Jul},
  publisher =    {PMLR},
  pdf = 	 {http://proceedings.mlr.press/v80/long18a/long18a.pdf},
  url = 	 {https://proceedings.mlr.press/v80/long18a.html},
}

@article{lienen2022learning,
  title={Learning the Dynamics of Physical Systems from Sparse Observations with Finite Element Networks},
  author={Lienen, Marten and G{\"u}nnemann, Stephan},
  journal={arXiv preprint arXiv:2203.08852},
  year={2022}
}

@article{kovachki2021universal,
  title={On universal approximation and error bounds for Fourier Neural Operators},
  author={Kovachki, Nikola and Lanthaler, Samuel and Mishra, Siddhartha},
  journal={Journal of Machine Learning Research},
  volume={22},
  pages={Art--No},
  year={2021},
  publisher={JMLR Press}
}

@article{rippel2015spectral,
  title={Spectral representations for convolutional neural networks},
  author={Rippel, Oren and Snoek, Jasper and Adams, Ryan P},
  journal={Advances in neural information processing systems},
  volume={28},
  year={2015}
}

@article{harris2020array,
  title={Array programming with NumPy},
  author={Harris, Charles R and Millman, K Jarrod and Van Der Walt, St{\'e}fan J and Gommers, Ralf and Virtanen, Pauli and Cournapeau, David and Wieser, Eric and Taylor, Julian and Berg, Sebastian and Smith, Nathaniel J and others},
  journal={Nature},
  volume={585},
  number={7825},
  pages={357--362},
  year={2020},
  publisher={Nature Publishing Group}
}

@article{pfaff2020learning,
  title={Learning mesh-based simulation with graph networks},
  author={Pfaff, Tobias and Fortunato, Meire and Sanchez-Gonzalez, Alvaro and Battaglia, Peter W},
  journal={arXiv preprint arXiv:2010.03409},
  year={2020}
}

@article{verlet1967computer,
  title={Computer" experiments" on classical fluids. I. Thermodynamical properties of Lennard-Jones molecules},
  author={Verlet, Loup},
  journal={Physical review},
  volume={159},
  number={1},
  pages={98},
  year={1967},
  publisher={APS}
}
@book{chen1984linear,
  title={Linear system theory and design},
  author={Chen, Chi-Tsong},
  year={1984},
  publisher={Saunders college publishing}
}
@article{loshchilov2016sgdr,
  title={Sgdr: Stochastic gradient descent with warm restarts},
  author={Loshchilov, Ilya and Hutter, Frank},
  journal={arXiv preprint arXiv:1608.03983},
  year={2016}
}

@article{loshchilov2017decoupled,
  title={Decoupled weight decay regularization},
  author={Loshchilov, Ilya and Hutter, Frank},
  journal={arXiv preprint arXiv:1711.05101},
  year={2017}
}

@inproceedings{he2015delving,
  title={Delving deep into rectifiers: Surpassing human-level performance on imagenet classification},
  author={He, Kaiming and Zhang, Xiangyu and Ren, Shaoqing and Sun, Jian},
  booktitle={Proceedings of the IEEE international conference on computer vision},
  pages={1026--1034},
  year={2015}
}

@article{hendrycks2016gaussian,
  title={Gaussian error linear units (gelus)},
  author={Hendrycks, Dan and Gimpel, Kevin},
  journal={arXiv preprint arXiv:1606.08415},
  year={2016}
}

@book{strogatz2018nonlinear,
  title={Nonlinear dynamics and chaos: with applications to physics, biology, chemistry, and engineering},
  author={Strogatz, Steven H},
  year={2018},
  publisher={CRC press}
}

@article{kalman,
    Author = {Kalman, Rudolph Emil},
    Title = {A New Approach to Linear Filtering and Prediction Problems},
    Journal = {Transactions of the ASME--Journal of Basic Engineering},
    Volume = {82},
    Number = {Series D},
    Pages = {35--45},
    Year = {1960}
}

@article{rangapuram2018deep,
  title={Deep state space models for time series forecasting},
  author={Rangapuram, Syama Sundar and Seeger, Matthias W and Gasthaus, Jan and Stella, Lorenzo and Wang, Yuyang and Januschowski, Tim},
  journal={Advances in neural information processing systems},
  volume={31},
  year={2018}
}

@book{box1970time,
  title={Time series analysis: forecasting and control},
  author={Box, George EP and Jenkins, Gwilym M and Reinsel, Gregory C and Ljung, Greta M},
  year={1970},
  publisher={John Wiley \& Sons}
}

@article{winters1960forecasting,
  title={Forecasting sales by exponentially weighted moving averages},
  author={Winters, Peter R},
  journal={Management science},
  volume={6},
  number={3},
  pages={324--342},
  year={1960},
  publisher={INFORMS}
}

@article{hochreiter1997long,
  title={Long short-term memory},
  author={Hochreiter, Sepp and Schmidhuber, J{\"u}rgen},
  journal={Neural computation},
  volume={9},
  number={8},
  pages={1735--1780},
  year={1997},
  publisher={MIT Press}
}

@article{krishnan2015deep,
  title={Deep kalman filters},
  author={Krishnan, Rahul G and Shalit, Uri and Sontag, David},
  journal={arXiv preprint arXiv:1511.05121},
  year={2015}
}

@article{rahaman2018spectral,
  title={On the Spectral Bias of Deep Neural Networks.},
  author={Rahaman, Nasim and Arpit, Devansh and Baratin, Aristide and Draxler, Felix and Lin, Min and Hamprecht, Fred A and Bengio, Yoshua and Courville, Aaron C},
  year={2018}
}

@inproceedings{andoni2014learning,
  title={Learning polynomials with neural networks},
  author={Andoni, Alexandr and Panigrahy, Rina and Valiant, Gregory and Zhang, Li},
  booktitle={International conference on machine learning},
  pages={1908--1916},
  year={2014},
  organization={PMLR}
}

@inproceedings{telgarsky2017neural,
  title={Neural networks and rational functions},
  author={Telgarsky, Matus},
  booktitle={International Conference on Machine Learning},
  pages={3387--3393},
  year={2017},
  organization={PMLR}
}

@article{wightman2021resnet,
  title={Resnet strikes back: An improved training procedure in timm},
  author={Wightman, Ross and Touvron, Hugo and J{\'e}gou, Herv{\'e}},
  journal={arXiv preprint arXiv:2110.00476},
  year={2021}
}

@inproceedings{liu2022convnet,
  title={A convnet for the 2020s},
  author={Liu, Zhuang and Mao, Hanzi and Wu, Chao-Yuan and Feichtenhofer, Christoph and Darrell, Trevor and Xie, Saining},
  booktitle={Proceedings of the IEEE/CVF Conference on Computer Vision and Pattern Recognition},
  pages={11976--11986},
  year={2022}
}

@inproceedings{poli2022transform,
  title={Transform Once: Efficient Operator Learning in Frequency Domain},
  author={Poli, Michael and Massaroli, Stefano and Berto, Federico and Park, Jinkyoo and Dao, Tri and Re, Christopher and Ermon, Stefano},
  booktitle={Advances in Neural Information Processing Systems},
  year={2022}
}

@article{wang2020linformer,
  title={Linformer: Self-attention with linear complexity},
  author={Wang, Sinong and Li, Belinda Z and Khabsa, Madian and Fang, Han and Ma, Hao},
  journal={arXiv preprint arXiv:2006.04768},
  year={2020}
}

@article{roy2021efficient,
  title={Efficient content-based sparse attention with routing transformers},
  author={Roy, Aurko and Saffar, Mohammad and Vaswani, Ashish and Grangier, David},
  journal={Transactions of the Association for Computational Linguistics},
  volume={9},
  pages={53--68},
  year={2021},
  publisher={MIT Press}
}

@inproceedings{schlag2021linear,
  title={Linear transformers are secretly fast weight programmers},
  author={Schlag, Imanol and Irie, Kazuki and Schmidhuber, J{\"u}rgen},
  booktitle={International Conference on Machine Learning},
  pages={9355--9366},
  year={2021},
  organization={PMLR}
}

@article{kitaev2020reformer,
  title={Reformer: The efficient transformer},
  author={Kitaev, Nikita and Kaiser, {\L}ukasz and Levskaya, Anselm},
  journal={arXiv preprint arXiv:2001.04451},
  year={2020}
}

@inproceedings{tan2019efficientnet,
  title={Efficientnet: Rethinking model scaling for convolutional neural networks},
  author={Tan, Mingxing and Le, Quoc},
  booktitle={International conference on machine learning},
  pages={6105--6114},
  year={2019},
  organization={PMLR}
}

@inproceedings{d2021convit,
  title={Convit: Improving vision transformers with soft convolutional inductive biases},
  author={dâ€™Ascoli, St{\'e}phane and Touvron, Hugo and Leavitt, Matthew L and Morcos, Ari S and Biroli, Giulio and Sagun, Levent},
  booktitle={International Conference on Machine Learning},
  pages={2286--2296},
  year={2021},
  organization={PMLR}
}

@article{pathak2022fourcastnet,
  title={Fourcastnet: A global data-driven high-resolution weather model using adaptive fourier neural operators},
  author={Pathak, Jaideep and Subramanian, Shashank and Harrington, Peter and Raja, Sanjeev and Chattopadhyay, Ashesh and Mardani, Morteza and Kurth, Thorsten and Hall, David and Li, Zongyi and Azizzadenesheli, Kamyar and others},
  journal={arXiv preprint arXiv:2202.11214},
  year={2022}
}

@article{hu1989kramers,
  title={Kramers--Kronig in two lines},
  author={Hu, Ben Yu-Kuang},
  journal={Am. J. Phys},
  volume={57},
  number={9},
  pages={821},
  year={1989}
}

@article{gu2020hippo,
  title={Hippo: Recurrent memory with optimal polynomial projections},
  author={Gu, Albert and Dao, Tri and Ermon, Stefano and Rudra, Atri and R{\'e}, Christopher},
  journal={Advances in Neural Information Processing Systems},
  volume={33},
  pages={1474--1487},
  year={2020}
}

@article{gu2021efficiently,
  title={Efficiently modeling long sequences with structured state spaces},
  author={Gu, Albert and Goel, Karan and R{\'e}, Christopher},
  journal={arXiv preprint arXiv:2111.00396},
  year={2021}
}

@article{romero2021ckconv,
  title={Ckconv: Continuous kernel convolution for sequential data},
  author={Romero, David W and Kuzina, Anna and Bekkers, Erik J and Tomczak, Jakub M and Hoogendoorn, Mark},
  journal={arXiv preprint arXiv:2102.02611},
  year={2021}
}

@article{lecun1998gradient,
  title={Gradient-based learning applied to document recognition},
  author={LeCun, Yann and Bottou, L{\'e}on and Bengio, Yoshua and Haffner, Patrick},
  journal={Proceedings of the IEEE},
  volume={86},
  number={11},
  pages={2278--2324},
  year={1998},
  publisher={Ieee}
}

@incollection{fukushima1982neocognitron,
  title={Neocognitron: A self-organizing neural network model for a mechanism of visual pattern recognition},
  author={Fukushima, Kunihiko and Miyake, Sei},
  booktitle={Competition and cooperation in neural nets},
  pages={267--285},
  year={1982},
  publisher={Springer}
}

@inproceedings{he2016deep,
  title={Deep residual learning for image recognition},
  author={He, Kaiming and Zhang, Xiangyu and Ren, Shaoqing and Sun, Jian},
  booktitle={Proceedings of the IEEE conference on computer vision and pattern recognition},
  pages={770--778},
  year={2016}
}

@article{francesca2016spectral,
  title={Spectral convolution networks},
  author={Francesca, Maria and Hughes, Arthur and Gregg, David},
  journal={arXiv preprint arXiv:1611.05378},
  year={2016}
}

@inproceedings{ronneberger2015u,
  title={U-net: Convolutional networks for biomedical image segmentation},
  author={Ronneberger, Olaf and Fischer, Philipp and Brox, Thomas},
  booktitle={International Conference on Medical image computing and computer-assisted intervention},
  pages={234--241},
  year={2015},
  organization={Springer}
}

@article{mathieu2013fast,
  title={Fast training of convolutional networks through ffts},
  author={Mathieu, Michael and Henaff, Mikael and LeCun, Yann},
  journal={arXiv preprint arXiv:1312.5851},
  year={2013}
}

@article{rao2021global,
  title={Global filter networks for image classification},
  author={Rao, Yongming and Zhao, Wenliang and Zhu, Zheng and Lu, Jiwen and Zhou, Jie},
  journal={Advances in Neural Information Processing Systems},
  volume={34},
  pages={980--993},
  year={2021}
}

@article{li2020fourier,
  title={Fourier neural operator for parametric partial differential equations},
  author={Li, Zongyi and Kovachki, Nikola and Azizzadenesheli, Kamyar and Liu, Burigede and Bhattacharya, Kaushik and Stuart, Andrew and Anandkumar, Anima},
  journal={arXiv preprint arXiv:2010.08895},
  year={2020}
}

@article{dumoulin2016guide,
  title={A guide to convolution arithmetic for deep learning},
  author={Dumoulin, Vincent and Visin, Francesco},
  journal={arXiv preprint arXiv:1603.07285},
  year={2016}
}

@article{cuomo2022scientific,
  title={Scientific Machine Learning through Physics-Informed Neural Networks: Where we are and What's next},
  author={Cuomo, Salvatore and Di Cola, Vincenzo Schiano and Giampaolo, Fabio and Rozza, Gianluigi and Raissi, Maizar and Piccialli, Francesco},
  journal={arXiv preprint arXiv:2201.05624},
  year={2022}
}
@misc{zygmund1968trigonometric,
  title={Trigonometric Series, corrected 2nd ed},
  author={Zygmund, Antoni},
  year={1968},
  publisher={Cambridge University Press}
}
@book{kailath2000linear,
  title={Linear estimation},
  author={Kailath, Thomas and Sayed, Ali H and Hassibi, Babak},
  number={BOOK},
  year={2000},
  publisher={Prentice Hall}
}
@article{falcon2019pytorch,
  title={Pytorch lightning},
  author={Falcon, William and others},
  journal={GitHub. Note: https://github. com/PyTorchLightning/pytorch-lightning},
  volume={3},
  pages={6},
  year={2019}
}

@article{paszkeimperative,
  title={An imperative style, high-performance deep learning library},
  author={Paszke, Pytorch},
  journal={Adv. Neural Inf. Process. Syst},
  number={32},
  pages={8026}
}
@article{paszke2017automatic,
  title={Automatic differentiation in pytorch},
  author={Paszke, Adam and Gross, Sam and Chintala, Soumith and Chanan, Gregory and Yang, Edward and DeVito, Zachary and Lin, Zeming and Desmaison, Alban and Antiga, Luca and Lerer, Adam},
  year={2017}
}

@article{brunton2020machine,
  title={Machine learning for fluid mechanics},
  author={Brunton, Steven L and Noack, Bernd R and Koumoutsakos, Petros},
  journal={Annual Review of Fluid Mechanics},
  volume={52},
  pages={477--508},
  year={2020},
  publisher={Annual Reviews}
}

@article{geuzaine2009gmsh,
  title={Gmsh: A 3-D finite element mesh generator with built-in pre-and post-processing facilities},
  author={Geuzaine, Christophe and Remacle, Jean-Fran{\c{c}}ois},
  journal={International journal for numerical methods in engineering},
  volume={79},
  number={11},
  pages={1309--1331},
  year={2009},
  publisher={Wiley Online Library}
}

@book{stein2011fourier,
  title={Fourier analysis: an introduction},
  author={Stein, Elias M and Shakarchi, Rami},
  volume={1},
  year={2011},
  publisher={Princeton University Press}
}

@article{wolf2019huggingface,
  title={Huggingface's transformers: State-of-the-art natural language processing},
  author={Wolf, Thomas and Debut, Lysandre and Sanh, Victor and Chaumond, Julien and Delangue, Clement and Moi, Anthony and Cistac, Pierric and Rault, Tim and Louf, R{\'e}mi and Funtowicz, Morgan and others},
  journal={arXiv preprint arXiv:1910.03771},
  year={2019}
}

@misc{rw2019timm,
  author = {Ross Wightman},
  title = {PyTorch Image Models},
  year = {2019},
  publisher = {GitHub},
  journal = {GitHub repository},
  doi = {10.5281/zenodo.4414861},
  howpublished = {\url{https://github.com/rwightman/pytorch-image-models}}
}

@article{thuerey2020deep,
  title={Deep learning methods for Reynolds-averaged Navier--Stokes simulations of airfoil flows},
  author={Thuerey, Nils and Wei{\ss}enow, Konstantin and Prantl, Lukas and Hu, Xiangyu},
  journal={AIAA Journal},
  volume={58},
  number={1},
  pages={25--36},
  year={2020},
  publisher={American Institute of Aeronautics and Astronautics}
}

@article{thuerey2021physics,
  title={Physics-based Deep Learning},
  author={Thuerey, Nils and Holl, Philipp and Mueller, Maximilian and Schnell, Patrick and Trost, Felix and Um, Kiwon},
  journal={arXiv preprint arXiv:2109.05237},
  year={2021}
}

@article{poli2020torchdyn,
  title={Torchdyn: A neural differential equations library},
  author={Poli, Michael and Massaroli, Stefano and Yamashita, Atsushi and Asama, Hajime and Park, Jinkyoo},
  journal={arXiv preprint arXiv:2009.09346},
  year={2020}
}

@inproceedings{glorot2010understanding,
  title={Understanding the difficulty of training deep feedforward neural networks},
  author={Glorot, Xavier and Bengio, Yoshua},
  booktitle={Proceedings of the thirteenth international conference on artificial intelligence and statistics},
  pages={249--256},
  year={2010},
  organization={JMLR Workshop and Conference Proceedings}
}

@inproceedings{holl2020phiflow,
  title={phiflow: A differentiable pde solving framework for deep learning via physical simulations},
  author={Holl, Philipp and Koltun, Vladlen and Um, Kiwon and Thuerey, Nils},
  booktitle={NeurIPS Workshop},
  year={2020}
}

@article{chen2020neurodiffeq,
  title={Neurodiffeq: A python package for solving differential equations with neural networks},
  author={Chen, Feiyu and Sondak, David and Protopapas, Pavlos and Mattheakis, Marios and Liu, Shuheng and Agarwal, Devansh and Di Giovanni, Marco},
  journal={Journal of Open Source Software},
  volume={5},
  number={46},
  pages={1931},
  year={2020}
}

@article{kidger2022neural,
  title={On neural differential equations},
  author={Kidger, Patrick},
  journal={arXiv preprint arXiv:2202.02435},
  year={2022}
}

@article{wang2021physics,
  title={Physics-guided deep learning for dynamical systems: A survey},
  author={Wang, Rui and Yu, Rose},
  journal={arXiv preprint arXiv:2107.01272},
  year={2021}
}

@article{karniadakis2021physics,
  title={Physics-informed machine learning},
  author={Karniadakis, George Em and Kevrekidis, Ioannis G and Lu, Lu and Perdikaris, Paris and Wang, Sifan and Yang, Liu},
  journal={Nature Reviews Physics},
  volume={3},
  number={6},
  pages={422--440},
  year={2021},
  publisher={Nature Publishing Group}
}

@article{poli2020hypersolvers,
  title={Hypersolvers: Toward fast continuous-depth models},
  author={Poli, Michael and Massaroli, Stefano and Yamashita, Atsushi and Asama, Hajime and Park, Jinkyoo},
  journal={Advances in Neural Information Processing Systems},
  volume={33},
  pages={21105--21117},
  year={2020}
}

@article{raissi2019physics,
  title={Physics-informed neural networks: A deep learning framework for solving forward and inverse problems involving nonlinear partial differential equations},
  author={Raissi, Maziar and Perdikaris, Paris and Karniadakis, George E},
  journal={Journal of Computational physics},
  volume={378},
  pages={686--707},
  year={2019},
  publisher={Elsevier}
}

@inproceedings{stiller2020large,
  title={Large-scale neural solvers for partial differential equations},
  author={Stiller, Patrick and Bethke, Friedrich and B{\"o}hme, Maximilian and Pausch, Richard and Torge, Sunna and Debus, Alexander and Vorberger, Jan and Bussmann, Michael and Hoffmann, Nico},
  booktitle={Smoky Mountains Computational Sciences and Engineering Conference},
  pages={20--34},
  year={2020},
  organization={Springer}
}

@article{coleman2017dawnbench,
  title={Dawnbench: An end-to-end deep learning benchmark and competition},
  author={Coleman, Cody and Narayanan, Deepak and Kang, Daniel and Zhao, Tian and Zhang, Jian and Nardi, Luigi and Bailis, Peter and Olukotun, Kunle and R{\'e}, Chris and Zaharia, Matei},
  journal={Training},
  volume={100},
  number={101},
  pages={102},
  year={2017}
}

%%%% transfer learning between systems
@article{desai2021one,
  title={One-Shot Transfer Learning of Physics-Informed Neural Networks},
  author={Desai, Shaan and Mattheakis, Marios and Joy, Hayden and Protopapas, Pavlos and Roberts, Stephen},
  journal={arXiv preprint arXiv:2110.11286},
  year={2021}
}

@article{magill2018neural,
  title={Neural networks trained to solve differential equations learn general representations},
  author={Magill, Martin and Qureshi, Faisal and de Haan, Hendrick},
  journal={Advances in Neural Information Processing Systems},
  volume={31},
  year={2018}
}


@article{raghu2019transfusion,
  title={Transfusion: Understanding transfer learning for medical imaging},
  author={Raghu, Maithra and Zhang, Chiyuan and Kleinberg, Jon and Bengio, Samy},
  journal={Advances in neural information processing systems},
  volume={32},
  year={2019}
}

@article{razakh2021pnd,
  title={PND: Physics-informed neural-network software for molecular dynamics applications},
  author={Razakh, Taufeq Mohammed and Wang, Beibei and Jackson, Shane and Kalia, Rajiv K and Nakano, Aiichiro and Nomura, Ken-ichi and Vashishta, Priya},
  journal={SoftwareX},
  volume={15},
  pages={100789},
  year={2021},
  publisher={Elsevier}
}

%%%% transfer learning and transformers

@article{gong2021ast,
  title={Ast: Audio spectrogram transformer},
  author={Gong, Yuan and Chung, Yu-An and Glass, James},
  journal={arXiv preprint arXiv:2104.01778},
  year={2021}
}

@inproceedings{deng2009imagenet,
  title={Imagenet: A large-scale hierarchical image database},
  author={Deng, Jia and Dong, Wei and Socher, Richard and Li, Li-Jia and Li, Kai and Fei-Fei, Li},
  booktitle={2009 IEEE conference on computer vision and pattern recognition},
  pages={248--255},
  year={2009},
  organization={Ieee}
}

@inproceedings{touvron2021training,
  title={Training data-efficient image transformers \& distillation through attention},
  author={Touvron, Hugo and Cord, Matthieu and Douze, Matthijs and Massa, Francisco and Sablayrolles, Alexandre and J{\'e}gou, Herv{\'e}},
  booktitle={International Conference on Machine Learning},
  pages={10347--10357},
  year={2021},
  organization={PMLR}
}

@article{gong2021ssast,
  title={SSAST: Self-Supervised Audio Spectrogram Transformer},
  author={Gong, Yuan and Lai, Cheng-I Jeff and Chung, Yu-An and Glass, James},
  journal={arXiv preprint arXiv:2110.09784},
  year={2021}
}

% CFD + DL

@inproceedings{obiols2020cfdnet,
  title={CFDNet: A deep learning-based accelerator for fluid simulations},
  author={Obiols-Sales, Octavi and Vishnu, Abhinav and Malaya, Nicholas and Chandramowliswharan, Aparna},
  booktitle={Proceedings of the 34th ACM international conference on supercomputing},
  pages={1--12},
  year={2020}
}

@article{um2020solver,
  title={Solver-in-the-loop: Learning from differentiable physics to interact with iterative pde-solvers},
  author={Um, Kiwon and Brand, Robert and Fei, Yun Raymond and Holl, Philipp and Thuerey, Nils},
  journal={Advances in Neural Information Processing Systems},
  volume={33},
  pages={6111--6122},
  year={2020}
}


@misc{prudnikov1988integrals,
  title={Integrals and series},
  author={Prudnikov, Anatoli Platonovich and Brychkov, Yu A and Marichev, Oleg Igorevich and Romer, Robert H},
  year={1988},
  publisher={American Association of Physics Teachers}
}


@article{guibas2021adaptive,
  title={Adaptive Fourier Neural Operators: Efficient Token Mixers for Transformers},
  author={Guibas, John and Mardani, Morteza and Li, Zongyi and Tao, Andrew and Anandkumar, Anima and Catanzaro, Bryan},
  journal={arXiv preprint arXiv:2111.13587},
  year={2021}
}

@inproceedings{jasak2007openfoam,
  title={OpenFOAM: A C++ library for complex physics simulations},
  author={Jasak, Hrvoje and Jemcov, Aleksandar and Tukovic, Zeljko and others},
  booktitle={International workshop on coupled methods in numerical dynamics},
  volume={1000},
  pages={1--20},
  year={2007},
  organization={IUC Dubrovnik Croatia}
}


@article{tran2021factorized,
  title={Factorized Fourier Neural Operators},
  author={Tran, Alasdair and Mathews, Alexander and Xie, Lexing and Ong, Cheng Soon},
  journal={arXiv preprint arXiv:2111.13802},
  year={2021}
}



@article{mathiasen2020if,
  title={What if Neural Networks had SVDs?},
  author={Mathiasen, Alexander and Hvilsh{\o}j, Frederik and R{\o}dsgaard J{\o}rgensen, Jakob and Nasery, Anshul and Mottin, Davide},
  journal={Advances in Neural Information Processing Systems},
  volume={33},
  pages={18411--18420},
  year={2020}
}

@article{wen2022u,
  title={U-FNO--An enhanced Fourier neural operator-based deep-learning model for multiphase flow},
  author={Wen, Gege and Li, Zongyi and Azizzadenesheli, Kamyar and Anandkumar, Anima and Benson, Sally M},
  journal={Advances in Water Resources},
  pages={104180},
  year={2022},
  publisher={Elsevier}
}

@article{eckert2019scalarflow,
  title={ScalarFlow: a large-scale volumetric data set of real-world scalar transport flows for computer animation and machine learning},
  author={Eckert, Marie-Lena and Um, Kiwon and Thuerey, Nils},
  journal={ACM Transactions on Graphics (TOG)},
  volume={38},
  number={6},
  pages={1--16},
  year={2019},
  publisher={ACM New York, NY, USA}
}

@article{gupta2021multiwavelet,
  title={Multiwavelet-based operator learning for differential equations},
  author={Gupta, Gaurav and Xiao, Xiongye and Bogdan, Paul},
  journal={Advances in Neural Information Processing Systems},
  volume={34},
  year={2021}
}

@book{feynman2017character,
  title={The Character of Physical Law, with new foreword},
  author={Feynman, Richard},
  year={2017},
  publisher={MIT press}
}

@misc{wandb,
title = {Experiment Tracking with Weights and Biases},
year = {2020},
note = {Software available from wandb.com},
url={https://www.wandb.com/},
author = {Biewald, Lukas},
}

@article{strang1999discrete,
  title={The discrete cosine transform},
  author={Strang, Gilbert},
  journal={SIAM review},
  volume={41},
  number={1},
  pages={135--147},
  year={1999},
  publisher={SIAM}
}

@article{poli2022self,
  title={Self-Similarity Priors: Neural Collages as Differentiable Fractal Representations},
  author={Poli, Michael and Xu, Winnie and Massaroli, Stefano and Meng, Chenlin and Kim, Kuno and Ermon, Stefano},
  journal={arXiv preprint arXiv:2204.07673},
  year={2022}
}


@article{dupont2021coin,
  title={Coin: Compression with implicit neural representations},
  author={Dupont, Emilien and Goli{\'n}ski, Adam and Alizadeh, Milad and Teh, Yee Whye and Doucet, Arnaud},
  journal={arXiv preprint arXiv:2103.03123},
  year={2021}
}

@inproceedings{guibas2021efficient,
  title={Efficient Token Mixing for Transformers via Adaptive Fourier Neural Operators},
  author={Guibas, John and Mardani, Morteza and Li, Zongyi and Tao, Andrew and Anandkumar, Anima and Catanzaro, Bryan},
  booktitle={International Conference on Learning Representations},
  year={2021}
}

@article{ahmed1974discrete,
  title={Discrete cosine transform},
  author={Ahmed, Nasir and Natarajan, T\_ and Rao, Kamisetty R},
  journal={IEEE transactions on Computers},
  volume={100},
  number={1},
  pages={90--93},
  year={1974},
  publisher={IEEE}
}

@book{oppenheim1999discrete,
  title={Discrete-time signal processing},
  author={Oppenheim, Alan V},
  year={1999},
  publisher={Pearson Education India}
}

@article{makhoul1980fast,
  title={A fast cosine transform in one and two dimensions},
  author={Makhoul, John},
  journal={IEEE Transactions on Acoustics, Speech, and Signal Processing},
  volume={28},
  number={1},
  pages={27--34},
  year={1980},
  publisher={IEEE}
}

@inproceedings{pratt2017fcnn,
  title={Fcnn: Fourier convolutional neural networks},
  author={Pratt, Harry and Williams, Bryan and Coenen, Frans and Zheng, Yalin},
  booktitle={Joint European Conference on Machine Learning and Knowledge Discovery in Databases},
  pages={786--798},
  year={2017},
  organization={Springer}
}

@article{chi2020fast,
  title={Fast fourier convolution},
  author={Chi, Lu and Jiang, Borui and Mu, Yadong},
  journal={Advances in Neural Information Processing Systems},
  volume={33},
  pages={4479--4488},
  year={2020}
}

@inproceedings{chen2016compressing,
  title={Compressing convolutional neural networks in the frequency domain},
  author={Chen, Wenlin and Wilson, James and Tyree, Stephen and Weinberger, Kilian Q and Chen, Yixin},
  booktitle={Proceedings of the 22nd ACM SIGKDD International Conference on Knowledge Discovery and Data Mining},
  pages={1475--1484},
  year={2016}
}

@book{trefethen2019approximation,
  title={Approximation Theory and Approximation Practice, Extended Edition},
  author={Trefethen, Lloyd N},
  year={2019},
  publisher={SIAM}
}


@article{lu2019deeponet,
  title={Deeponet: Learning nonlinear operators for identifying differential equations based on the universal approximation theorem of operators},
  author={Lu, Lu and Jin, Pengzhan and Karniadakis, George Em},
  journal={arXiv preprint arXiv:1910.03193},
  year={2019}
}

@inproceedings{wang2020towards,
  title={Towards physics-informed deep learning for turbulent flow prediction},
  author={Wang, Rui and Kashinath, Karthik and Mustafa, Mustafa and Albert, Adrian and Yu, Rose},
  booktitle={Proceedings of the 26th ACM SIGKDD International Conference on Knowledge Discovery \& Data Mining},
  pages={1457--1466},
  year={2020}
}

@inproceedings{mathiesen2022hyperverlet,
  title={Hyperverlet: A Symplectic Hypersolver for Hamiltonian Systems},
  author={Mathiesen, Frederik and Yang, Bin and Hu, Jilin},
  booktitle={AAAI},
  year={2022}
}

@article{kochkov2021machine,
  title={Machine learning--accelerated computational fluid dynamics},
  author={Kochkov, Dmitrii and Smith, Jamie A and Alieva, Ayya and Wang, Qing and Brenner, Michael P and Hoyer, Stephan},
  journal={Proceedings of the National Academy of Sciences},
  volume={118},
  number={21},
  year={2021},
  publisher={National Acad Sciences}
}


@InProceedings{pmlr-v80-long18a,
  title = 	 {{PDE}-Net: Learning {PDE}s from Data},
  author =       {Long, Zichao and Lu, Yiping and Ma, Xianzhong and Dong, Bin},
  booktitle = 	 {Proceedings of the 35th International Conference on Machine Learning},
  pages = 	 {3208--3216},
  year = 	 {2018},
  editor = 	 {Dy, Jennifer and Krause, Andreas},
  volume = 	 {80},
  series = 	 {Proceedings of Machine Learning Research},
  month = 	 {10--15 Jul},
  publisher =    {PMLR},
  pdf = 	 {http://proceedings.mlr.press/v80/long18a/long18a.pdf},
  url = 	 {https://proceedings.mlr.press/v80/long18a.html},
}

@article{lienen2022learning,
  title={Learning the Dynamics of Physical Systems from Sparse Observations with Finite Element Networks},
  author={Lienen, Marten and G{\"u}nnemann, Stephan},
  journal={arXiv preprint arXiv:2203.08852},
  year={2022}
}

@article{kovachki2021universal,
  title={On universal approximation and error bounds for Fourier Neural Operators},
  author={Kovachki, Nikola and Lanthaler, Samuel and Mishra, Siddhartha},
  journal={Journal of Machine Learning Research},
  volume={22},
  pages={Art--No},
  year={2021},
  publisher={JMLR Press}
}

@article{rippel2015spectral,
  title={Spectral representations for convolutional neural networks},
  author={Rippel, Oren and Snoek, Jasper and Adams, Ryan P},
  journal={Advances in neural information processing systems},
  volume={28},
  year={2015}
}

@article{harris2020array,
  title={Array programming with NumPy},
  author={Harris, Charles R and Millman, K Jarrod and Van Der Walt, St{\'e}fan J and Gommers, Ralf and Virtanen, Pauli and Cournapeau, David and Wieser, Eric and Taylor, Julian and Berg, Sebastian and Smith, Nathaniel J and others},
  journal={Nature},
  volume={585},
  number={7825},
  pages={357--362},
  year={2020},
  publisher={Nature Publishing Group}
}

@article{pfaff2020learning,
  title={Learning mesh-based simulation with graph networks},
  author={Pfaff, Tobias and Fortunato, Meire and Sanchez-Gonzalez, Alvaro and Battaglia, Peter W},
  journal={arXiv preprint arXiv:2010.03409},
  year={2020}
}

@article{verlet1967computer,
  title={Computer" experiments" on classical fluids. I. Thermodynamical properties of Lennard-Jones molecules},
  author={Verlet, Loup},
  journal={Physical review},
  volume={159},
  number={1},
  pages={98},
  year={1967},
  publisher={APS}
}

@article{loshchilov2016sgdr,
  title={Sgdr: Stochastic gradient descent with warm restarts},
  author={Loshchilov, Ilya and Hutter, Frank},
  journal={arXiv preprint arXiv:1608.03983},
  year={2016}
}

@article{loshchilov2017decoupled,
  title={Decoupled weight decay regularization},
  author={Loshchilov, Ilya and Hutter, Frank},
  journal={arXiv preprint arXiv:1711.05101},
  year={2017}
}

@inproceedings{he2015delving,
  title={Delving deep into rectifiers: Surpassing human-level performance on imagenet classification},
  author={He, Kaiming and Zhang, Xiangyu and Ren, Shaoqing and Sun, Jian},
  booktitle={Proceedings of the IEEE international conference on computer vision},
  pages={1026--1034},
  year={2015}
}

@article{hendrycks2016gaussian,
  title={Gaussian error linear units (gelus)},
  author={Hendrycks, Dan and Gimpel, Kevin},
  journal={arXiv preprint arXiv:1606.08415},
  year={2016}
}

@book{strogatz2018nonlinear,
  title={Nonlinear dynamics and chaos: with applications to physics, biology, chemistry, and engineering},
  author={Strogatz, Steven H},
  year={2018},
  publisher={CRC press}
}

@article{kalman,
    Author = {Kalman, Rudolph Emil},
    Title = {A New Approach to Linear Filtering and Prediction Problems},
    Journal = {Transactions of the ASME--Journal of Basic Engineering},
    Volume = {82},
    Number = {Series D},
    Pages = {35--45},
    Year = {1960}
}

@article{rangapuram2018deep,
  title={Deep state space models for time series forecasting},
  author={Rangapuram, Syama Sundar and Seeger, Matthias W and Gasthaus, Jan and Stella, Lorenzo and Wang, Yuyang and Januschowski, Tim},
  journal={Advances in neural information processing systems},
  volume={31},
  year={2018}
}

@book{box1970time,
  title={Time series analysis: forecasting and control},
  author={Box, George EP and Jenkins, Gwilym M and Reinsel, Gregory C and Ljung, Greta M},
  year={1970},
  publisher={John Wiley \& Sons}
}

@article{winters1960forecasting,
  title={Forecasting sales by exponentially weighted moving averages},
  author={Winters, Peter R},
  journal={Management science},
  volume={6},
  number={3},
  pages={324--342},
  year={1960},
  publisher={INFORMS}
}

@article{hochreiter1997long,
  title={Long short-term memory},
  author={Hochreiter, Sepp and Schmidhuber, J{\"u}rgen},
  journal={Neural computation},
  volume={9},
  number={8},
  pages={1735--1780},
  year={1997},
  publisher={MIT Press}
}

@article{krishnan2015deep,
  title={Deep kalman filters},
  author={Krishnan, Rahul G and Shalit, Uri and Sontag, David},
  journal={arXiv preprint arXiv:1511.05121},
  year={2015}
}

@article{rahaman2018spectral,
  title={On the Spectral Bias of Deep Neural Networks.},
  author={Rahaman, Nasim and Arpit, Devansh and Baratin, Aristide and Draxler, Felix and Lin, Min and Hamprecht, Fred A and Bengio, Yoshua and Courville, Aaron C},
  year={2018}
}

@inproceedings{andoni2014learning,
  title={Learning polynomials with neural networks},
  author={Andoni, Alexandr and Panigrahy, Rina and Valiant, Gregory and Zhang, Li},
  booktitle={International conference on machine learning},
  pages={1908--1916},
  year={2014},
  organization={PMLR}
}

@article{wightman2021resnet,
  title={Resnet strikes back: An improved training procedure in timm},
  author={Wightman, Ross and Touvron, Hugo and J{\'e}gou, Herv{\'e}},
  journal={arXiv preprint arXiv:2110.00476},
  year={2021}
}

@inproceedings{liu2022convnet,
  title={A convnet for the 2020s},
  author={Liu, Zhuang and Mao, Hanzi and Wu, Chao-Yuan and Feichtenhofer, Christoph and Darrell, Trevor and Xie, Saining},
  booktitle={Proceedings of the IEEE/CVF Conference on Computer Vision and Pattern Recognition},
  pages={11976--11986},
  year={2022}
}


@inproceedings{tan2019efficientnet,
  title={Efficientnet: Rethinking model scaling for convolutional neural networks},
  author={Tan, Mingxing and Le, Quoc},
  booktitle={International conference on machine learning},
  pages={6105--6114},
  year={2019},
  organization={PMLR}
}

@inproceedings{d2021convit,
  title={Convit: Improving vision transformers with soft convolutional inductive biases},
  author={dâ€™Ascoli, St{\'e}phane and Touvron, Hugo and Leavitt, Matthew L and Morcos, Ari S and Biroli, Giulio and Sagun, Levent},
  booktitle={International Conference on Machine Learning},
  pages={2286--2296},
  year={2021},
  organization={PMLR}
}

@article{pathak2022fourcastnet,
  title={Fourcastnet: A global data-driven high-resolution weather model using adaptive fourier neural operators},
  author={Pathak, Jaideep and Subramanian, Shashank and Harrington, Peter and Raja, Sanjeev and Chattopadhyay, Ashesh and Mardani, Morteza and Kurth, Thorsten and Hall, David and Li, Zongyi and Azizzadenesheli, Kamyar and others},
  journal={arXiv preprint arXiv:2202.11214},
  year={2022}
}

@article{hu1989kramers,
  title={Kramers--Kronig in two lines},
  author={Hu, Ben Yu-Kuang},
  journal={Am. J. Phys},
  volume={57},
  number={9},
  pages={821},
  year={1989}
}

@article{perez2021attention,
  title={Attention is Turing-Complete.},
  author={P{\'e}rez, Jorge and Barcel{\'o}, Pablo and Marinkovic, Javier},
  journal={J. Mach. Learn. Res.},
  volume={22},
  number={75},
  pages={1--35},
  year={2021}
}

@article{li2022makes,
  title={What Makes Convolutional Models Great on Long Sequence Modeling?},
  author={Li, Yuhong and Cai, Tianle and Zhang, Yi and Chen, Deming and Dey, Debadeepta},
  journal={arXiv preprint arXiv:2210.09298},
  year={2022}
}

@article{tu2022maxvit,
  title={Maxvit: Multi-axis vision transformer},
  author={Tu, Zhengzhong and Talebi, Hossein and Zhang, Han and Yang, Feng and Milanfar, Peyman and Bovik, Alan and Li, Yinxiao},
  journal={arXiv preprint arXiv:2204.01697},
  year={2022}
}

@article{child2019generating,
  title={Generating long sequences with sparse transformers},
  author={Child, Rewon and Gray, Scott and Radford, Alec and Sutskever, Ilya},
  journal={arXiv preprint arXiv:1904.10509},
  year={2019}
}

@article{dao2022flashattention,
  title={FlashAttention: Fast and Memory-Efficient Exact Attention with IO-Awareness},
  author={Dao, Tri and Fu, Daniel Y and Ermon, Stefano and Rudra, Atri and R{\'e}, Christopher},
  journal={arXiv preprint arXiv:2205.14135},
  year={2022}
}

@article{ma2022mega,
  title={Mega: moving average equipped gated attention},
  author={Ma, Xuezhe and Zhou, Chunting and Kong, Xiang and He, Junxian and Gui, Liangke and Neubig, Graham and May, Jonathan and Zettlemoyer, Luke},
  journal={arXiv preprint arXiv:2209.10655},
  year={2022}
}

@article{jabri2022scalable,
  title={Scalable Adaptive Computation for Iterative Generation},
  author={Jabri, Allan and Fleet, David and Chen, Ting},
  journal={arXiv preprint arXiv:2212.11972},
  year={2022}
}

@article{nguyen2022s4nd,
  title={S4ND: Modeling Images and Videos as Multidimensional Signals Using State Spaces},
  author={Nguyen, Eric and Goel, Karan and Gu, Albert and Downs, Gordon W and Shah, Preey and Dao, Tri and Baccus, Stephen A and R{\'e}, Christopher},
  journal={arXiv preprint arXiv:2210.06583},
  year={2022}
}

@article{mehta2022long,
  title={Long range language modeling via gated state spaces},
  author={Mehta, Harsh and Gupta, Ankit and Cutkosky, Ashok and Neyshabur, Behnam},
  journal={arXiv preprint arXiv:2206.13947},
  year={2022}
}

@inproceedings{cubuk2020randaugment,
  title={Randaugment: Practical automated data augmentation with a reduced search space},
  author={Cubuk, Ekin D and Zoph, Barret and Shlens, Jonathon and Le, Quoc V},
  booktitle={Proceedings of the IEEE/CVF conference on computer vision and pattern recognition workshops},
  pages={702--703},
  year={2020}
}

@article{zhang2017mixup,
  title={mixup: Beyond empirical risk minimization},
  author={Zhang, Hongyi and Cisse, Moustapha and Dauphin, Yann N and Lopez-Paz, David},
  journal={arXiv preprint arXiv:1710.09412},
  year={2017}
}

@article{hendrycks2019augmix,
  title={Augmix: A simple data processing method to improve robustness and uncertainty},
  author={Hendrycks, Dan and Mu, Norman and Cubuk, Ekin D and Zoph, Barret and Gilmer, Justin and Lakshminarayanan, Balaji},
  journal={arXiv preprint arXiv:1912.02781},
  year={2019}
}

@inproceedings{yuan2021tokens,
  title={Tokens-to-token vit: Training vision transformers from scratch on imagenet},
  author={Yuan, Li and Chen, Yunpeng and Wang, Tao and Yu, Weihao and Shi, Yujun and Jiang, Zi-Hang and Tay, Francis EH and Feng, Jiashi and Yan, Shuicheng},
  booktitle={Proceedings of the IEEE/CVF international conference on computer vision},
  pages={558--567},
  year={2021}
}

@inproceedings{yun2019cutmix,
  title={Cutmix: Regularization strategy to train strong classifiers with localizable features},
  author={Yun, Sangdoo and Han, Dongyoon and Oh, Seong Joon and Chun, Sanghyuk and Choe, Junsuk and Yoo, Youngjoon},
  booktitle={Proceedings of the IEEE/CVF international conference on computer vision},
  pages={6023--6032},
  year={2019}
}

@inproceedings{zhong2020random,
  title={Random erasing data augmentation},
  author={Zhong, Zhun and Zheng, Liang and Kang, Guoliang and Li, Shaozi and Yang, Yi},
  booktitle={Proceedings of the AAAI conference on artificial intelligence},
  volume={34},
  pages={13001--13008},
  year={2020}
}

@inproceedings{szegedy2016rethinking,
  title={Rethinking the inception architecture for computer vision},
  author={Szegedy, Christian and Vanhoucke, Vincent and Ioffe, Sergey and Shlens, Jon and Wojna, Zbigniew},
  booktitle={Proceedings of the IEEE conference on computer vision and pattern recognition},
  pages={2818--2826},
  year={2016}
}

@inproceedings{huang2016deep,
  title={Deep networks with stochastic depth},
  author={Huang, Gao and Sun, Yu and Liu, Zhuang and Sedra, Daniel and Weinberger, Kilian Q},
  booktitle={European conference on computer vision},
  pages={646--661},
  year={2016},
  organization={Springer}
}

@article{polyak1992ema,
  title={Acceleration of stochastic approximation by averaging},
  author={Polyak, Boris T and Juditsky, Anatoli B},
  journal={SIAM journal on control and optimization},
  volume={30},
  number={4},
  pages={838--855},
  year={1992},
  publisher={SIAM}
}

@article{brown2020language,
  title={Language models are few-shot learners},
  author={Brown, Tom and Mann, Benjamin and Ryder, Nick and Subbiah, Melanie and Kaplan, Jared D and Dhariwal, Prafulla and Neelakantan, Arvind and Shyam, Pranav and Sastry, Girish and Askell, Amanda and others},
  journal={Advances in neural information processing systems},
  volume={33},
  pages={1877--1901},
  year={2020}
}

@book{oppenheim1997signals,
  title={Signals and systems},
  author={Oppenheim, Alan V and Willsky, Alan S and Nawab, Syed Hamid and Ding, Jian-Jiun},
  volume={2},
  year={1997},
  publisher={Prentice hall Upper Saddle River, NJ}
}

@article{mildenhall2021nerf,
  title={Nerf: Representing scenes as neural radiance fields for view synthesis},
  author={Mildenhall, Ben and Srinivasan, Pratul P and Tancik, Matthew and Barron, Jonathan T and Ramamoorthi, Ravi and Ng, Ren},
  journal={Communications of the ACM},
  volume={65},
  number={1},
  pages={99--106},
  year={2021},
  publisher={ACM New York, NY, USA}
}

@inproceedings{basri2020frequency,
  title={Frequency bias in neural networks for input of non-uniform density},
  author={Basri, Ronen and Galun, Meirav and Geifman, Amnon and Jacobs, David and Kasten, Yoni and Kritchman, Shira},
  booktitle={International Conference on Machine Learning},
  pages={685--694},
  year={2020},
  organization={PMLR}
}

@article{radford2022robust,
  title={Robust speech recognition via large-scale weak supervision},
  author={Radford, Alec and Kim, Jong Wook and Xu, Tao and Brockman, Greg and McLeavey, Christine and Sutskever, Ilya},
  journal={arXiv preprint arXiv:2212.04356},
  year={2022}
}

@article{cramer2021alphafold2,
  title={AlphaFold2 and the future of structural biology},
  author={Cramer, Patrick},
  journal={Nature structural \& molecular biology},
  volume={28},
  number={9},
  pages={704--705},
  year={2021},
  publisher={Nature Publishing Group US New York}
}

@software{PENG_RWKV-LM_2021,
author = {Peng, Bo},
doi = {10.5281/zenodo.5196577},
month = {8},
title = {{RWKV-LM}},
url = {https://github.com/BlinkDL/RWKV-LM},
version = {1.0.0},
year = {2021}
}

@article{arora2022ask,
  title={Ask Me Anything: A simple strategy for prompting language models},
  author={Arora, Simran and Narayan, Avanika and Chen, Mayee F and Orr, Laurel J and Guha, Neel and Bhatia, Kush and Chami, Ines and Sala, Frederic and R{\'e}, Christopher},
  journal={arXiv preprint arXiv:2210.02441},
  year={2022}
}

@article{wang2019superglue,
  title={Superglue: A stickier benchmark for general-purpose language understanding systems},
  author={Wang, Alex and Pruksachatkun, Yada and Nangia, Nikita and Singh, Amanpreet and Michael, Julian and Hill, Felix and Levy, Omer and Bowman, Samuel},
  journal={Advances in neural information processing systems},
  volume={32},
  year={2019}
}

@software{gpt-neo,
  author       = {Black, Sid and
                  Gao, Leo and
                  Wang, Phil and
                  Leahy, Connor and
                  Biderman, Stella},
  title        = {{GPT-Neo: Large Scale Autoregressive Language 
                   Modeling with Mesh-Tensorflow}},
  month        = mar,
  year         = 2021,
  note         = {{If you use this software, please cite it using 
                   these metadata.}},
  publisher    = {Zenodo},
  version      = {1.0},
  doi          = {10.5281/zenodo.5297715},
  url          = {https://doi.org/10.5281/zenodo.5297715}
}
