% S4
%% LSSL
@article{gu2021combining,
  title={Combining recurrent, convolutional, and continuous-time models with linear state space layers},
  author={Gu, Albert and Johnson, Isys and Goel, Karan and Saab, Khaled and Dao, Tri and Rudra, Atri and R{\'e}, Christopher},
  journal={Advances in neural information processing systems},
  volume={34},
  pages={572--585},
  year={2021}
}

%% S4
@article{gu2021efficiently,
  title={Efficiently modeling long sequences with structured state spaces},
  author={Gu, Albert and Goel, Karan and R{\'e}, Christopher},
  journal={arXiv preprint arXiv:2111.00396},
  year={2021}
}

% S4D
@article{gu2022parameterization,
  title={On the Parameterization and Initialization of Diagonal State Space Models},
  author={Gu, Albert and Gupta, Ankit and Goel, Karan and R{\'e}, Christopher},
  journal={arXiv preprint arXiv:2206.11893},
  year={2022}
}

%% DSS
@article{gupta2022diagonal,
  title={Diagonal State Spaces are as Effective as Structured State Spaces},
  author={Gupta, Ankit},
  journal={arXiv preprint arXiv:2203.14343},
  year={2022}
}

%% Other Simple S4 - with mimo
@article{smith2022simplified, 
  title={Simplified State Space Layers for Sequence Modeling},
  author={Smith, Jimmy TH and Warrington, Andrew and Linderman, Scott W},
  journal={arXiv preprint arXiv:2208.04933},
  year={2022}
}

%% diffussion + s4
@article{alcaraz2022diffusion,
  title={Diffusion-based Time Series Imputation and Forecasting with Structured State Space Models},
  author={Alcaraz, Juan Miguel Lopez and Strodthoff, Nils},
  journal={arXiv preprint arXiv:2208.09399},
  year={2022}
}

%% SaShiMi
@article{goel2022s,
  title={It's Raw! Audio Generation with State-Space Models},
  author={Goel, Karan and Gu, Albert and Donahue, Chris and R{\'e}, Christopher},
  journal={arXiv preprint arXiv:2202.09729},
  year={2022}
}



%% LRA
@article{tay2020long,
  title={Long range arena: A benchmark for efficient transformers},
  author={Tay, Yi and Dehghani, Mostafa and Abnar, Samira and Shen, Yikang and Bahri, Dara and Pham, Philip and Rao, Jinfeng and Yang, Liu and Ruder, Sebastian and Metzler, Donald},
  journal={arXiv preprint arXiv:2011.04006},
  year={2020}
}




%% control

@book{Brogan:226422,
      author        = "Brogan, William L",
      title         = "{Modern control theory; 1st ed.}",
      publisher     = {"Quantum Publishers, Inc."},
      year          = {1974},
}

@book{chen1984linear,
  title={Linear system theory and design},
  author={Chen, Chi-Tsong},
  year={1984},
  publisher={Saunders college publishing}
}

%% Time Series Background / Problem setting

% Applications
@book{shumway2000time,
  title={Time series analysis and its applications},
  author={Shumway, Robert H and Stoffer, David S and Stoffer, David S},
  volume={3},
  year={2000},
  publisher={Springer}
}

% Iterated multi-step forecasting
@inproceedings{Taieb2012RecursiveAD,
  title={Recursive and direct multi-step forecasting: the best of both worlds},
  author={Souhaib Ben Taieb and Rob J. Hyndman},
  year={2012}
}

% Direct multi-step forecasting
@article{https://doi.org/10.1111/j.1467-6419.2007.00518.x,
author = {Chevillon, Guillaume},
title = {DIRECT MULTI-STEP ESTIMATION AND FORECASTING},
journal = {Journal of Economic Surveys},
volume = {21},
number = {4},
pages = {746-785},
keywords = {Multi-step forecasting, Adaptive estimation, Varying horizon, Structural breaks, Non-stationarity},
doi = {https://doi.org/10.1111/j.1467-6419.2007.00518.x},
url = {https://onlinelibrary.wiley.com/doi/abs/10.1111/j.1467-6419.2007.00518.x},
eprint = {https://onlinelibrary.wiley.com/doi/pdf/10.1111/j.1467-6419.2007.00518.x},
abstract = {Abstract This paper surveys the literature on multi-step forecasting when the model or the estimation method focuses directly on the link between the forecast origin and the horizon of interest. Among diverse contributions, we show how the current consensual concepts have emerged. We present an exhaustive overview of the existing results, including a conclusive review of the circumstances favourable to direct multi-step forecasting, namely different forms of non-stationarity and appropriate model design. We also provide a unifying framework which allows us to analyse the sources of forecast errors and hence of accuracy improvements from direct over iterated multi-step forecasting.},
year = {2007}
}

%% classical time series
% survey
@book{chatfield2000time,
  title={Time-series forecasting},
  author={Chatfield, Chris},
  year={2000},
  publisher={Chapman and Hall/CRC}
}

@book{aastrom2021feedback,
  title={Feedback systems: an introduction for scientists and engineers},
  author={{\AA}str{\"o}m, Karl Johan and Murray, Richard M},
  year={2021},
  publisher={Princeton university press}
}

@book{doyle2013feedback,
  title={Feedback control theory},
  author={Doyle, John C and Francis, Bruce A and Tannenbaum, Allen R},
  year={2013},
  publisher={Courier Corporation}
}

@article{culver1966existence,
  title={On the existence and uniqueness of the real logarithm of a matrix},
  author={Culver, Walter J},
  journal={Proceedings of the American Mathematical Society},
  volume={17},
  number={5},
  pages={1146--1151},
  year={1966},
  publisher={JSTOR}
}

% ARIMA
@book{box1970time,
  title={Time series analysis: forecasting and control},
  author={Box, George EP and Jenkins, Gwilym M and Reinsel, Gregory C and Ljung, Greta M},
  year={1970},
  publisher={John Wiley \& Sons}
}

@article{hirst1997bounding,
  title={Bounding the roots of polynomials},
  author={Hirst, Holly P and Macey, Wade T},
  journal={The College Mathematics Journal},
  volume={28},
  number={4},
  pages={292--295},
  year={1997},
  publisher={Taylor \& Francis}
}

@book{oppenheim1999discrete,
  title={Discrete-time signal processing},
  author={Oppenheim, Alan V},
  year={1999},
  publisher={Pearson Education India}
}

@article{bell1965gershgorin,
  title={Gershgorin's theorem and the zeros of polynomials},
  author={Bell, Howard E},
  journal={The American Mathematical Monthly},
  volume={72},
  number={3},
  pages={292--295},
  year={1965},
  publisher={JSTOR}
}

@article{box1968some,
  title={Some recent advances in forecasting and control},
  author={Box, George EP and Jenkins, Gwilym M},
  journal={Journal of the Royal Statistical Society. Series C (Applied Statistics)},
  volume={17},
  number={2},
  pages={91--109},
  year={1968},
  publisher={JSTOR}
}

% ETS
@article{winters1960forecasting,
  title={Forecasting sales by exponentially weighted moving averages},
  author={Winters, Peter R},
  journal={Management science},
  volume={6},
  number={3},
  pages={324--342},
  year={1960},
  publisher={INFORMS}
}

@article{holt2004forecasting,
  title={Forecasting seasonals and trends by exponentially weighted moving averages},
  author={Holt, Charles C},
  journal={International journal of forecasting},
  volume={20},
  number={1},
  pages={5--10},
  year={2004},
  publisher={Elsevier}
}

@article{hochreiter1997long,
  title={Long short-term memory},
  author={Hochreiter, Sepp and Schmidhuber, J{\"u}rgen},
  journal={Neural computation},
  volume={9},
  number={8},
  pages={1735--1780},
  year={1997},
  publisher={MIT Press}
}

@article{chung2014empirical,
  title={Empirical evaluation of gated recurrent neural networks on sequence modeling},
  author={Chung, Junyoung and Gulcehre, Caglar and Cho, KyungHyun and Bengio, Yoshua},
  journal={arXiv preprint arXiv:1412.3555},
  year={2014}
}

@article{brown1959statistical,
  title={Statistical forecasting for inventory control},
  author={Brown, Robert Goodell},
  year={1959},
  publisher={McGraw-Hill}
}

% Filtering books
@book{strang1996wavelets,
  title={Wavelets and filter banks},
  author={Strang, Gilbert and Nguyen, Truong},
  year={1996},
  publisher={SIAM}
}
% ODE / CDE, continuous-time dl

@article{chen2018neural,
  title={Neural ordinary differential equations},
  author={Chen, Ricky TQ and Rubanova, Yulia and Bettencourt, Jesse and Duvenaud, David K},
  journal={Advances in neural information processing systems},
  volume={31},
  year={2018}
}

@article{kidger2020neural,
  title={Neural controlled differential equations for irregular time series},
  author={Kidger, Patrick and Morrill, James and Foster, James and Lyons, Terry},
  journal={Advances in Neural Information Processing Systems},
  volume={33},
  pages={6696--6707},
  year={2020}
}

@inproceedings{morrill2021neural,
  title={Neural rough differential equations for long time series},
  author={Morrill, James and Salvi, Cristopher and Kidger, Patrick and Foster, James},
  booktitle={International Conference on Machine Learning},
  pages={7829--7838},
  year={2021},
  organization={PMLR}
}

@article{kidger2022neural,
  title={On neural differential equations},
  author={Kidger, Patrick},
  journal={arXiv preprint arXiv:2202.02435},
  year={2022}
}

@article{queiruga2020continuous,
  title={Continuous-in-depth neural networks},
  author={Queiruga, Alejandro F and Erichson, N Benjamin and Taylor, Dane and Mahoney, Michael W},
  journal={arXiv preprint arXiv:2008.02389},
  year={2020}
}

@article{rubanova2019latent,
  title={Latent ordinary differential equations for irregularly-sampled time series},
  author={Rubanova, Yulia and Chen, Ricky TQ and Duvenaud, David K},
  journal={Advances in neural information processing systems},
  volume={32},
  year={2019}
}

@article{gu2020hippo,
  title={Hippo: Recurrent memory with optimal polynomial projections},
  author={Gu, Albert and Dao, Tri and Ermon, Stefano and Rudra, Atri and R{\'e}, Christopher},
  journal={Advances in Neural Information Processing Systems},
  volume={33},
  pages={1474--1487},
  year={2020}
}

@article{weinan2017proposal,
  title={A proposal on machine learning via dynamical systems},
  author={Weinan, E},
  journal={Communications in Mathematics and Statistics},
  volume={1},
  number={5},
  pages={1--11},
  year={2017}
}

@article{zhang2014comprehensive,
  title={A comprehensive review of stability analysis of continuous-time recurrent neural networks},
  author={Zhang, Huaguang and Wang, Zhanshan and Liu, Derong},
  journal={IEEE Transactions on Neural Networks and Learning Systems},
  volume={25},
  number={7},
  pages={1229--1262},
  year={2014},
  publisher={IEEE}
}

@article{funahashi1993approximation,
  title={Approximation of dynamical systems by continuous time recurrent neural networks},
  author={Funahashi, Ken-ichi and Nakamura, Yuichi},
  journal={Neural networks},
  volume={6},
  number={6},
  pages={801--806},
  year={1993},
  publisher={Elsevier}
}
@article{kim2021stiff,
  title={Stiff neural ordinary differential equations},
  author={Kim, Suyong and Ji, Weiqi and Deng, Sili and Ma, Yingbo and Rackauckas, Christopher},
  journal={Chaos: An Interdisciplinary Journal of Nonlinear Science},
  volume={31},
  number={9},
  pages={093122},
  year={2021},
  publisher={AIP Publishing LLC}
}

@article{massaroli2020dissecting,
  title={Dissecting neural odes},
  author={Massaroli, Stefano and Poli, Michael and Park, Jinkyoo and Yamashita, Atsushi and Asama, Hajime},
  journal={Advances in Neural Information Processing Systems},
  volume={33},
  pages={3952--3963},
  year={2020}
}

@article{massaroli2021differentiable,
  title={Differentiable multiple shooting layers},
  author={Massaroli, Stefano and Poli, Michael and Sonoda, Sho and Suzuki, Taiji and Park, Jinkyoo and Yamashita, Atsushi and Asama, Hajime},
  journal={Advances in Neural Information Processing Systems},
  volume={34},
  pages={16532--16544},
  year={2021}
}

@article{poli2021neural,
  title={Neural Hybrid Automata: Learning Dynamics with Multiple Modes and Stochastic Transitions},
  author={Poli, Michael and Massaroli, Stefano and Scimeca, Luca and Chun, Sanghyuk and Oh, Seong Joon and Yamashita, Atsushi and Asama, Hajime and Park, Jinkyoo and Garg, Animesh},
  journal={Advances in Neural Information Processing Systems},
  volume={34},
  pages={9977--9989},
  year={2021}
}

@article{poli2019graph,
  title={Graph neural ordinary differential equations},
  author={Poli, Michael and Massaroli, Stefano and Park, Junyoung and Yamashita, Atsushi and Asama, Hajime and Park, Jinkyoo},
  journal={arXiv preprint arXiv:1911.07532},
  year={2019}
}

@article{lechner2020learning,
  title={Learning long-term dependencies in irregularly-sampled time series},
  author={Lechner, Mathias and Hasani, Ramin},
  journal={arXiv preprint arXiv:2006.04418},
  year={2020}
}

% State Space
@article{hamilton1994state,
  title={State-space models},
  author={Hamilton, James D},
  journal={Handbook of econometrics},
  volume={4},
  pages={3039--3080},
  year={1994},
  publisher={Elsevier}
}

@book{hyndman2008forecasting,
  title={Forecasting with exponential smoothing: the state space approach},
  author={Hyndman, Rob and Koehler, Anne B and Ord, J Keith and Snyder, Ralph D},
  year={2008},
  publisher={Springer Science \& Business Media}
}

% Kalman filter
@article{kalman1960new,
  title={A new approach to linear filtering and prediction problems},
  author={Kalman, Rudolph Emil},
  year={1960}
}


%% Deep learning times series

%%% SSM time series
@inproceedings{seeger2016bayesian,
author = {Seeger, Matthias and Salinas, David and Flunkert, Valentin},
title = {Bayesian Intermittent Demand Forecasting for Large Inventories},
year = {2016},
isbn = {9781510838819},
publisher = {Curran Associates Inc.},
address = {Red Hook, NY, USA},
booktitle = {Proceedings of the 30th International Conference on Neural Information Processing Systems},
pages = {4653–4661},
numpages = {9},
location = {Barcelona, Spain},
series = {NIPS'16}
}

%%% RNNs limitation
@inproceedings{pascanu2013difficulty,
  title={On the difficulty of training recurrent neural networks},
  author={Pascanu, Razvan and Mikolov, Tomas and Bengio, Yoshua},
  booktitle={International conference on machine learning},
  pages={1310--1318},
  year={2013},
  organization={PMLR}
}

%%% Deep AR
@article{salinas2020deepar, 
  title={DeepAR: Probabilistic forecasting with autoregressive recurrent networks},
  author={Salinas, David and Flunkert, Valentin and Gasthaus, Jan and Januschowski, Tim},
  journal={International Journal of Forecasting},
  volume={36},
  number={3},
  pages={1181--1191},
  year={2020},
  publisher={Elsevier}
}

%%% Deep SSM (DeepState)
@inproceedings{rangapuram2018,
author = {Rangapuram, Syama Sundar and Seeger, Matthias and Gasthaus, Jan and Stella, Lorenzo and Wang, Yuyang and Januschowski, Tim},
title = {Deep State Space Models for Time Series Forecasting},
year = {2018},
publisher = {Curran Associates Inc.},
address = {Red Hook, NY, USA},
abstract = {We present a novel approach to probabilistic time series forecasting that combines state space models with deep learning. By parametrizing a per-time-series linear state space model with a jointly-learned recurrent neural network, our method retains desired properties of state space models such as data efficiency and inter-pretability, while making use of the ability to learn complex patterns from raw data offered by deep learning approaches. Our method scales gracefully from regimes where little training data is available to regimes where data from large collection of time series can be leveraged to learn accurate models. We provide qualitative as well as quantitative results with the proposed method, showing that it compares favorably to the state-of-the-art.},
booktitle = {Proceedings of the 32nd International Conference on Neural Information Processing Systems},
pages = {7796–7805},
numpages = {10},
location = {Montr\'{e}al, Canada},
series = {NIPS'18}
}

@inproceedings{lin2021ssdnet,
  title={SSDNet: State space decomposition neural network for time series forecasting},
  author={Lin, Yang and Koprinska, Irena and Rana, Mashud},
  booktitle={2021 IEEE International Conference on Data Mining (ICDM)},
  pages={370--378},
  year={2021},
  organization={IEEE}
}

@inproceedings{
liu2022pyraformer, 
title={Pyraformer: Low-Complexity Pyramidal Attention for Long-Range Time Series Modeling and Forecasting},
author={Shizhan Liu and Hang Yu and Cong Liao and Jianguo Li and Weiyao Lin and Alex X. Liu and Schahram Dustdar},
booktitle={International Conference on Learning Representations},
year={2022},
url={https://openreview.net/forum?id=0EXmFzUn5I}
}

@article{zhou2022fedformer,
  title={FEDformer: Frequency enhanced decomposed transformer for long-term series forecasting},
  author={Zhou, Tian and Ma, Ziqing and Wen, Qingsong and Wang, Xue and Sun, Liang and Jin, Rong},
  journal={arXiv preprint arXiv:2201.12740},
  year={2022}
}

@article{wu2021autoformer,
  title={Autoformer: Decomposition transformers with auto-correlation for long-term series forecasting},
  author={Wu, Haixu and Xu, Jiehui and Wang, Jianmin and Long, Mingsheng},
  journal={Advances in Neural Information Processing Systems},
  volume={34},
  pages={22419--22430},
  year={2021}
}

@inproceedings{zhou2021informer,
  title={Informer: Beyond efficient transformer for long sequence time-series forecasting},
  author={Zhou, Haoyi and Zhang, Shanghang and Peng, Jieqi and Zhang, Shuai and Li, Jianxin and Xiong, Hui and Zhang, Wancai},
  booktitle={Proceedings of the AAAI Conference on Artificial Intelligence},
  volume={35},
  number={12},
  pages={11106--11115},
  year={2021}
}

@article{madhusudhanan2021yformer, 
  title={Yformer: U-Net Inspired Transformer Architecture for Far Horizon Time Series Forecasting},
  author={Madhusudhanan, Kiran and Burchert, Johannes and Duong-Trung, Nghia and Born, Stefan and Schmidt-Thieme, Lars},
  journal={arXiv preprint arXiv:2110.08255},
  year={2021}
}

% SCINET
@article{liu2021time,  
  title={Time series is a special sequence: Forecasting with sample convolution and interaction},
  author={Liu, Minhao and Zeng, Ailing and Xu, Zhijian and Lai, Qiuxia and Xu, Qiang},
  journal={arXiv preprint arXiv:2106.09305},
  year={2021}
}

%% Longformer
@article{beltagy2020longformer,
  title={Longformer: The long-document transformer},
  author={Beltagy, Iz and Peters, Matthew E and Cohan, Arman},
  journal={arXiv preprint arXiv:2004.05150},
  year={2020}
}

%% REFORMER
@article{kitaev2020reformer,
  title={Reformer: The efficient transformer},
  author={Kitaev, Nikita and Kaiser, {\L}ukasz and Levskaya, Anselm},
  journal={arXiv preprint arXiv:2001.04451},
  year={2020}
}

%% Conformer
@article{gulati2020conformer,
  title={Conformer: Convolution-augmented transformer for speech recognition},
  author={Gulati, Anmol and Qin, James and Chiu, Chung-Cheng and Parmar, Niki and Zhang, Yu and Yu, Jiahui and Han, Wei and Wang, Shibo and Zhang, Zhengdong and Wu, Yonghui and others},
  journal={arXiv preprint arXiv:2005.08100},
  year={2020}
}

%% Perceiver AR
@article{hawthorne2022general,
  title={General-purpose, long-context autoregressive modeling with Perceiver AR},
  author={Hawthorne, Curtis and Jaegle, Andrew and Cangea, C{\u{a}}t{\u{a}}lina and Borgeaud, Sebastian and Nash, Charlie and Malinowski, Mateusz and Dieleman, Sander and Vinyals, Oriol and Botvinick, Matthew and Simon, Ian and others},
  journal={arXiv preprint arXiv:2202.07765},
  year={2022}
}

%% DLinear
@article{zeng2022transformers,
  title={Are Transformers Effective for Time Series Forecasting?},
  author={Zeng, Ailing and Chen, Muxi and Zhang, Lei and Xu, Qiang},
  journal={arXiv preprint arXiv:2205.13504},
  year={2022}
}

@article{zhou2022film, 
  title={FiLM: Frequency improved Legendre Memory Model for Long-term Time Series Forecasting},
  author={Zhou, Tian and Ma, Ziqing and Wen, Qingsong and Sun, Liang and Yao, Tao and Jin, Rong and others},
  journal={arXiv preprint arXiv:2205.08897},
  year={2022}
}

% ETSFormers
@article{woo2022etsformer,
  title={ETSformer: Exponential Smoothing Transformers for Time-series Forecasting},
  author={Woo, Gerald and Liu, Chenghao and Sahoo, Doyen and Kumar, Akshat and Hoi, Steven},
  journal={arXiv preprint arXiv:2202.01381},
  year={2022}
}

%% Other sequence models

%%% Transformer
@article{vaswani2017attention,
  title={Attention is all you need},
  author={Vaswani, Ashish and Shazeer, Noam and Parmar, Niki and Uszkoreit, Jakob and Jones, Llion and Gomez, Aidan N and Kaiser, {\L}ukasz and Polosukhin, Illia},
  journal={Advances in neural information processing systems},
  volume={30},
  year={2017}
}

% ConvNets
@inproceedings{he2016deep,
  title={Deep residual learning for image recognition},
  author={He, Kaiming and Zhang, Xiangyu and Ren, Shaoqing and Sun, Jian},
  booktitle={Proceedings of the IEEE conference on computer vision and pattern recognition},
  pages={770--778},
  year={2016}
}



%% EKG papers
@ARTICLE{strodthoff2021benchmarking,  
    author={Strodthoff, Nils and Wagner, Patrick and Schaeffter, Tobias and Samek, Wojciech},  
    journal={IEEE Journal of Biomedical and Health Informatics},   title={Deep Learning for ECG Analysis: Benchmarks and Insights from PTB-XL},   
    year={2021},  
    volume={25},  
    number={5},  
    pages={1519-1528}, 
    doi={10.1109/JBHI.2020.3022989}
}

@article{amini2021trend,
  title={Trend analysis of cardiovascular disease mortality, incidence, and mortality-to-incidence ratio: results from global burden of disease study 2017},
  author={Amini, Maedeh and Zayeri, Farid and Salehi, Masoud},
  journal={BMC Public Health},
  volume={21},
  number={1},
  pages={1--12},
  year={2021},
  publisher={BioMed Central}
}

@article{jablonover2014ecgcompetency,
author = {Robert S. Jablonover and Erin Lundberg and Yilong Zhang and Alex Stagnaro-Green},
title = {Competency in Electrocardiogram Interpretation Among Graduating Medical Students},
journal = {Teaching and Learning in Medicine},
volume = {26},
number = {3},
pages = {279-284},
year  = {2014},
publisher = {Routledge},
doi = {10.1080/10401334.2014.918882},
    note ={PMID: 25010240},
URL = { 
        https://doi.org/10.1080/10401334.2014.918882
},
eprint = { 
        https://doi.org/10.1080/10401334.2014.918882
}
}

@article{cook2020accuracy,
  title={Accuracy of physicians’ electrocardiogram interpretations: a systematic review and meta-analysis},
  author={Cook, David A and Oh, So-Young and Pusic, Martin V},
  journal={JAMA internal medicine},
  volume={180},
  number={11},
  pages={1461--1471},
  year={2020},
  publisher={American Medical Association}
}

@article{hannun2019cardiologist,
  title={Cardiologist-level arrhythmia detection and classification in ambulatory electrocardiograms using a deep neural network},
  author={Hannun, Awni Y and Rajpurkar, Pranav and Haghpanahi, Masoumeh and Tison, Geoffrey H and Bourn, Codie and Turakhia, Mintu P and Ng, Andrew Y},
  journal={Nature medicine},
  volume={25},
  number={1},
  pages={65--69},
  year={2019},
  publisher={Nature Publishing Group}
}

@article{attia2019artificial,
  title={An artificial intelligence-enabled ECG algorithm for the identification of patients with atrial fibrillation during sinus rhythm: a retrospective analysis of outcome prediction},
  author={Attia, Zachi I and Noseworthy, Peter A and Lopez-Jimenez, Francisco and Asirvatham, Samuel J and Deshmukh, Abhishek J and Gersh, Bernard J and Carter, Rickey E and Yao, Xiaoxi and Rabinstein, Alejandro A and Erickson, Brad J and others},
  journal={The Lancet},
  volume={394},
  number={10201},
  pages={861--867},
  year={2019},
  publisher={Elsevier}
}

@article{attia2019screening,
  title={Screening for cardiac contractile dysfunction using an artificial intelligence--enabled electrocardiogram},
  author={Attia, Zachi I and Kapa, Suraj and Lopez-Jimenez, Francisco and McKie, Paul M and Ladewig, Dorothy J and Satam, Gaurav and Pellikka, Patricia A and Enriquez-Sarano, Maurice and Noseworthy, Peter A and Munger, Thomas M and others},
  journal={Nature medicine},
  volume={25},
  number={1},
  pages={70--74},
  year={2019},
  publisher={Nature Publishing Group}
}

@article{ribeiro2020automatic,
  title={Automatic diagnosis of the 12-lead ECG using a deep neural network},
  author={Ribeiro, Ant{\^o}nio H and Ribeiro, Manoel Horta and Paix{\~a}o, Gabriela MM and Oliveira, Derick M and Gomes, Paulo R and Canazart, J{\'e}ssica A and Ferreira, Milton PS and Andersson, Carl R and Macfarlane, Peter W and Meira Jr, Wagner and others},
  journal={Nature communications},
  volume={11},
  number={1},
  pages={1--9},
  year={2020},
  publisher={Nature Publishing Group}
}

@article{siontis2021artificial,
  title={Artificial intelligence-enhanced electrocardiography in cardiovascular disease management},
  author={Siontis, Konstantinos C and Noseworthy, Peter A and Attia, Zachi I and Friedman, Paul A},
  journal={Nature Reviews Cardiology},
  volume={18},
  number={7},
  pages={465--478},
  year={2021},
  publisher={Nature Publishing Group}
}

@misc{iso2009ecgstatements,
  title={Health informatics – Standard communication protocol – Part 91064: Computer-assisted electrocardiography},
  author={ISO Central Secretary},
  journal={},
  year={2009}
}

@article{goto2021artificial,
  title={Artificial intelligence-enabled fully automated detection of cardiac amyloidosis using electrocardiograms and echocardiograms},
  author={Goto, Shinichi and Mahara, Keitaro and Beussink-Nelson, Lauren and Ikura, Hidehiko and Katsumata, Yoshinori and Endo, Jin and Gaggin, Hanna K and Shah, Sanjiv J and Itabashi, Yuji and MacRae, Calum A and others},
  journal={Nature communications},
  volume={12},
  number={1},
  pages={1--12},
  year={2021},
  publisher={Nature Publishing Group}
}

@article{Wagner:2020PTBXL,
doi = {10.1038/s41597-020-0495-6},
url = {https://doi.org/10.1038/s41597-020-0495-6},
year = {2020},
publisher = {Springer Science and Business Media {LLC}},
volume = {7},
number = {1},
pages = {154},
author = {Patrick Wagner and Nils Strodthoff and Ralf-Dieter Bousseljot and Dieter Kreiseler and Fatima I. Lunze and Wojciech Samek and Tobias Schaeffter},
title = {{PTB}-{XL},  a large publicly available electrocardiography dataset},
journal = {Scientific Data}
}

@misc{Wagner2020:ptbxlphysionet,
title={{PTB-XL, a large publicly available electrocardiography dataset}},
author={Patrick Wagner and Nils Strodthoff and Ralf-Dieter Bousseljot and Wojciech Samek and Tobias Schaeffter},
doi={10.13026/qgmg-0d46},
year={2020},
journal={PhysioNet}
}

@article{Goldberger2020:physionet,
author = {Ary L. Goldberger  and Luis A. N. Amaral  and Leon Glass  and Jeffrey M. Hausdorff  and Plamen Ch. Ivanov  and Roger G. Mark  and Joseph E. Mietus  and George B. Moody  and Chung-Kang Peng  and H. Eugene Stanley },
title = {{PhysioBank, PhysioToolkit, and PhysioNet}},
journal = {Circulation},
volume = {101},
number = {23},
pages = {e215-e220},
year = {2000},
doi = {10.1161/01.CIR.101.23.e215}
}

%% Monash papers

@article{godahewa2021monash,
  title={Monash time series forecasting archive},
  author={Godahewa, Rakshitha and Bergmeir, Christoph and Webb, Geoffrey I and Hyndman, Rob J and Montero-Manso, Pablo},
  journal={arXiv preprint arXiv:2105.06643},
  year={2021}
}

% speech commands
@article{warden2018speech,
  title={Speech commands: A dataset for limited-vocabulary speech recognition},
  author={Warden, Pete},
  journal={arXiv preprint arXiv:1804.03209},
  year={2018}
}

@article{donahue2018adversarial,
  title={Adversarial audio synthesis},
  author={Donahue, Chris and McAuley, Julian and Puckette, Miller},
  journal={arXiv preprint arXiv:1802.04208},
  year={2018}
}

% MONASH COMPARISON METHODS
@article{oreshkin2019n, 
  title={N-BEATS: Neural basis expansion analysis for interpretable time series forecasting},
  author={Oreshkin, Boris N and Carpov, Dmitri and Chapados, Nicolas and Bengio, Yoshua},
  journal={arXiv preprint arXiv:1905.10437},
  year={2019}
}

@article{assimakopoulos2000theta,
  title={The theta model: a decomposition approach to forecasting},
  author={Assimakopoulos, Vassilis and Nikolopoulos, Konstantinos},
  journal={International journal of forecasting},
  volume={16},
  number={4},
  pages={521--530},
  year={2000},
  publisher={Elsevier}
}

% TBATS
@article{de2011forecasting,
  title={Forecasting time series with complex seasonal patterns using exponential smoothing},
  author={De Livera, Alysha M and Hyndman, Rob J and Snyder, Ralph D},
  journal={Journal of the American statistical association},
  volume={106},
  number={496},
  pages={1513--1527},
  year={2011},
  publisher={Taylor \& Francis}
}

% SES
@article{gardner1985exponential,
  title={Exponential smoothing: The state of the art},
  author={Gardner Jr, Everette S},
  journal={Journal of forecasting},
  volume={4},
  number={1},
  pages={1--28},
  year={1985},
  publisher={Wiley Online Library}
}

% DHR-ARIMA
@book{hyndman2018forecasting,
  title={Forecasting: principles and practice},
  author={Hyndman, Rob J and Athanasopoulos, George},
  year={2018},
  publisher={OTexts}
}

% PR
@article{trapero2015identification,
  title={On the identification of sales forecasting models in the presence of promotions},
  author={Trapero, Juan R and Kourentzes, Nikolaos and Fildes, Robert},
  journal={Journal of the operational Research Society},
  volume={66},
  number={2},
  pages={299--307},
  year={2015},
  publisher={Springer}
}

% CATBOOST
@article{dorogush2018catboost,
  title={CatBoost: gradient boosting with categorical features support},
  author={Dorogush, Anna Veronika and Ershov, Vasily and Gulin, Andrey},
  journal={arXiv preprint arXiv:1810.11363},
  year={2018}
}

% WAVENET
@article{oord2016wavenet,
  title={Wavenet: A generative model for raw audio},
  author={Oord, Aaron van den and Dieleman, Sander and Zen, Heiga and Simonyan, Karen and Vinyals, Oriol and Graves, Alex and Kalchbrenner, Nal and Senior, Andrew and Kavukcuoglu, Koray},
  journal={arXiv preprint arXiv:1609.03499},
  year={2016}
}

%% ADAMW
@article{loshchilov2017decoupled,
  title={Decoupled weight decay regularization},
  author={Loshchilov, Ilya and Hutter, Frank},
  journal={arXiv preprint arXiv:1711.05101},
  year={2017}
}


%% Other comparison methods

%%% Performer
@article{choromanski2020rethinking,
  title={Rethinking attention with performers},
  author={Choromanski, Krzysztof and Likhosherstov, Valerii and Dohan, David and Song, Xingyou and Gane, Andreea and Sarlos, Tamas and Hawkins, Peter and Davis, Jared and Mohiuddin, Afroz and Kaiser, Lukasz and others},
  journal={arXiv preprint arXiv:2009.14794},
  year={2020}
}