
% Journals

% First the Full Name is given, then the abbreviation used in the AMS Math
% Reviews, with an indication if it could not be found there.
% Note the 2nd overwrites the 1st, so swap them if you want the full name.

 %{AMS}
 @String{AMSTrans = "American Mathematical Society Translations" }
 @String{AMSTrans = "Amer. Math. Soc. Transl." }
 @String{BullAMS = "Bulletin of the American Mathematical Society" }
 @String{BullAMS = "Bull. Amer. Math. Soc." }
 @String{ProcAMS = "Proceedings of the American Mathematical Society" }
 @String{ProcAMS = "Proc. Amer. Math. Soc." }
 @String{TransAMS = "Transactions of the American Mathematical Society" }
 @String{TransAMS = "Trans. Amer. Math. Soc." }

 %ACM
 @String{CACM = "Communications of the {ACM}" }
 @String{CACM = "Commun. {ACM}" }
 @String{CompServ = "Comput. Surveys" }
 @String{JACM = "J. ACM" }
 @String{ACMMathSoft = "{ACM} Transactions on Mathematical Software" }
 @String{ACMMathSoft = "{ACM} Trans. Math. Software" }
 @String{SIGNUM = "{ACM} {SIGNUM} Newsletter" }
 @String{SIGNUM = "{ACM} {SIGNUM} Newslett." }

 @String{AmerSocio = "American Journal of Sociology" }
 @String{AmerStatAssoc = "Journal of the American Statistical Association" }
 @String{AmerStatAssoc = "J. Amer. Statist. Assoc." }
 @String{ApplMathComp = "Applied Mathematics and Computation" }
 @String{ApplMathComp = "Appl. Math. Comput." }
 @String{AmerMathMonthly = "American Mathematical Monthly" }
 @String{AmerMathMonthly = "Amer. Math. Monthly" }
 @String{BIT = "{BIT}" }
 @String{BritStatPsych = "British Journal of Mathematical and Statistical
          Psychology" }
 @String{BritStatPsych = "Brit. J. Math. Statist. Psych." }
 @String{CanMathBull = "Canadian Mathematical Bulletin" }
 @String{CanMathBull = "Canad. Math. Bull." }
 @String{CompApplMath = "Journal of Computational and Applied Mathematics" }
 @String{CompApplMath = "J. Comput. Appl. Math." }
 @String{CompPhys = "Journal of Computational Physics" }
 @String{CompPhys = "J. Comput. Phys." }
 @String{CompStruct = "Computers and Structures" }
 @String{CompStruct = "Comput. \& Structures" }
 @String{CompJour = "The Computer Journal" }
 @String{CompJour = "Comput. J." }
 @String{CompSysSci = "Journal of Computer and System Sciences" }
 @String{CompSysSci = "J. Comput. System Sci." }
 @String{Computing = "Computing" }
 @String{ContempMath = "Contemporary Mathematics" }
 @String{ContempMath = "Contemp. Math." }
 @String{Crelle = "Crelle's Journal" }
 @String{GiornaleMath = "Giornale di Mathematiche" }
 @String{GiornaleMath = "Giorn. Mat." } % didn't find in AMS MR., ibid.

 %IEEE
 @String{Computer = "{IEEE} Computer" }
 @String{IEEETransComp = "{IEEE} Transactions on Computers" }
 @String{IEEETransComp = "{IEEE} Trans. Comput." }
 @String{IEEETransAC = "{IEEE} Transactions on Automatic Control" }
 @String{IEEETransAC = "{IEEE} Trans. Automat. Control" }
 @String{IEEESpec = "{IEEE} Spectrum" } % didn't find in AMS MR
 @String{ProcIEEE = "Proceedings of the {IEEE}" }
 @String{ProcIEEE = "Proc. {IEEE}" } % didn't find in AMS MR
 @String{IEEETransAeroElec = "{IEEE} Transactions on Aerospace and Electronic
     Systems" }
 @String{IEEETransAeroElec = "{IEEE} Trans. Aerospace Electron. Systems" }

 @String{IMANumerAna = "{IMA} Journal of Numerical Analysis" }
 @String{IMANumerAna = "{IMA} J. Numer. Anal." }
 @String{InfProcLet = "Information Processing Letters" }
 @String{InfProcLet = "Inform. Process. Lett." }
 @String{InstMathApp = "Journal of the Institute of Mathematics and
     its Applications" }
 @String{InstMathApp = "J. Inst. Math. Appl." }
 @String{IntControl = "International Journal of Control" }
 @String{IntControl = "Internat. J. Control" }
 @String{IntNumerEng = "International Journal for Numerical Methods in
     Engineering" }
 @String{IntNumerEng = "Internat. J. Numer. Methods Engrg." }
 @String{IntSuper = "International Journal of Supercomputing Applications" }
 @String{IntSuper = "Internat. J. Supercomputing Applic." } % didn't find
%% in AMS MR
 @String{Kibernetika = "Kibernetika" }
 @String{JResNatBurStand = "Journal of Research of the National Bureau
     of Standards" }
 @String{JResNatBurStand = "J. Res. Nat. Bur. Standards" }
 @String{LinAlgApp = "Linear Algebra and its Applications" }
 @String{LinAlgApp = "Linear Algebra Appl." }
 @String{MathAnaAppl = "Journal of Mathematical Analysis and Applications" }
 @String{MathAnaAppl = "J. Math. Anal. Appl." }
 @String{MathAnnalen = "Mathematische Annalen" }
 @String{MathAnnalen = "Math. Ann." }
 @String{MathPhys = "Journal of Mathematical Physics" }
 @String{MathPhys = "J. Math. Phys." }
 @String{MathComp = "Mathematics of Computation" }
 @String{MathComp = "Math. Comp." }
 @String{MathScand = "Mathematica Scandinavica" }
 @String{MathScand = "Math. Scand." }
 @String{TablesAidsComp = "Mathematical Tables and Other Aids to Computation" }
 @String{TablesAidsComp = "Math. Tables Aids Comput." }
 @String{NumerMath = "Numerische Mathematik" }
 @String{NumerMath = "Numer. Math." }
 @String{PacificMath = "Pacific Journal of Mathematics" }
 @String{PacificMath = "Pacific J. Math." }
 @String{ParDistComp = "Journal of Parallel and Distributed Computing" }
 @String{ParDistComp = "J. Parallel and Distrib. Comput." } % didn't find
%% in AMS MR
 @String{ParComputing = "Parallel Computing" }
 @String{ParComputing = "Parallel Comput." }
 @String{PhilMag = "Philosophical Magazine" }
 @String{PhilMag = "Philos. Mag." }
 @String{ProcNAS = "Proceedings of the National Academy of Sciences
                    of the USA" }
 @String{ProcNAS = "Proc. Nat. Acad. Sci. U. S. A." }
 @String{Psychometrika = "Psychometrika" }
 @String{QuartMath = "Quarterly Journal of Mathematics, Oxford, Series (2)" }
 @String{QuartMath = "Quart. J. Math. Oxford Ser. (2)" }
 @String{QuartApplMath = "Quarterly of Applied Mathematics" }
 @String{QuartApplMath = "Quart. Appl. Math." }
 @String{RevueInstStat = "Review of the International Statisical Institute" }
 @String{RevueInstStat = "Rev. Inst. Internat. Statist." }

 %SIAM
 @String{JSIAM = "Journal of the Society for Industrial and Applied
     Mathematics" }
 @String{JSIAM = "J. Soc. Indust. Appl. Math." }
 @String{JSIAMB = "Journal of the Society for Industrial and Applied
     Mathematics, Series B, Numerical Analysis" }
 @String{JSIAMB = "J. Soc. Indust. Appl. Math. Ser. B Numer. Anal." }
 @String{SIAMAlgMeth = "{SIAM} Journal on Algebraic and Discrete Methods" }
 @String{SIAMAlgMeth = "{SIAM} J. Algebraic Discrete Methods" }
 @String{SIAMAppMath = "{SIAM} Journal on Applied Mathematics" }
 @String{SIAMAppMath = "{SIAM} J. Appl. Math." }
 @String{SIAMComp = "{SIAM} Journal on Computing" }
 @String{SIAMComp = "{SIAM} J. Comput." }
 @String{SIAMMatrix = "{SIAM} Journal on Matrix Analysis and Applications" }
 @String{SIAMMatrix = "{SIAM} J. Matrix Anal. Appl." }
 @String{SIAMNumAnal = "{SIAM} Journal on Numerical Analysis" }
 @String{SIAMNumAnal = "{SIAM} J. Numer. Anal." }
 @String{SIAMReview = "{SIAM} Review" }
 @String{SIAMReview = "{SIAM} Rev." }
 @String{SIAMSciStat = "{SIAM} Journal on Scientific and Statistical
     Computing" }
 @String{SIAMSciStat = "{SIAM} J. Sci. Statist. Comput." }

 @String{SoftPracExp = "Software Practice and Experience" }
 @String{SoftPracExp = "Software Prac. Experience" } % didn't find in AMS MR
 @String{StatScience = "Statistical Science" }
 @String{StatScience = "Statist. Sci." }
 @String{Techno = "Technometrics" }
 @String{USSRCompMathPhys = "{USSR} Computational Mathematics and Mathematical
     Physics" }
 @String{USSRCompMathPhys = "{U. S. S. R.} Comput. Math. and Math. Phys." }
 @String{VLSICompSys = "Journal of {VLSI} and Computer Systems" }
 @String{VLSICompSys = "J. {VLSI} Comput. Syst." }
 @String{ZAngewMathMech = "Zeitschrift fur Angewandte Mathematik und
     Mechanik" }
 @String{ZAngewMathMech = "Z. Angew. Math. Mech." }
 @String{ZAngewMathPhys = "Zeitschrift fur Angewandte Mathematik und Physik" }
 @String{ZAngewMathPhys = "Z. Angew. Math. Phys." }

% Publishers % ================================================= |

 @String{Academic = "Academic Press" }
 @String{ACMPress = "{ACM} Press" }
 @String{AdamHilger = "Adam Hilger" }
 @String{AddisonWesley = "Addison-Wesley" }
 @String{AllynBacon = "Allyn and Bacon" }
 @String{AMS = "American Mathematical Society" }
 @String{Birkhauser = "Birkha{\"u}ser" }
 @String{CambridgePress = "Cambridge University Press" }
 @String{Chelsea = "Chelsea" }
 @String{ClaredonPress = "Claredon Press" }
 @String{DoverPub = "Dover Publications" }
 @String{Eyolles = "Eyolles" }
 @String{HoltRinehartWinston = "Holt, Rinehart and Winston" }
 @String{Interscience = "Interscience" }
 @String{JohnsHopkinsPress = "The Johns Hopkins University Press" }
 @String{JohnWileySons = "John Wiley and Sons" }
 @String{Macmillan = "Macmillan" }
 @String{MathWorks = "The Math Works Inc." }
 @String{McGrawHill = "McGraw-Hill" }
 @String{NatBurStd = "National Bureau of Standards" }
 @String{NorthHolland = "North-Holland" }
 @String{OxfordPress = "Oxford University Press" }  %address Oxford or London?
 @String{PergamonPress = "Pergamon Press" }
 @String{PlenumPress = "Plenum Press" }
 @String{PrenticeHall = "Prentice-Hall" }
 @String{SIAMPub = "{SIAM} Publications" }
 @String{Springer = "Springer-Verlag" }
 @String{TexasPress = "University of Texas Press" }
 @String{VanNostrand = "Van Nostrand" }
 @String{WHFreeman = "W. H. Freeman and Co." }

%Entries




@article{WGA,
  title={Why Striking Hollywood Writers Fear an AI Future},
  url= {https://www.rollingstone.com/tv-movies/tv-movie-features/wga-strike-hollywood-writers-ai-artificial-intelligence-chatgpt-screenplay-technology-1234728014/},
  author={Klee,Miles and Yandoli,Krystie Lee},
  journal={Rolling Stone},
  year={2023}
}

@inproceedings{10.1609/aaai.v33i01.33017378,
author = {Yao, Lili and Peng, Nanyun and Weischedel, Ralph and Knight, Kevin and Zhao, Dongyan and Yan, Rui},
title = {Plan-and-Write: Towards Better Automatic Storytelling},
year = {2019},
isbn = {978-1-57735-809-1},
publisher = {AAAI Press},
url = {https://doi.org/10.1609/aaai.v33i01.33017378},
doi = {10.1609/aaai.v33i01.33017378},
booktitle = {Proceedings of the Thirty-Third AAAI Conference on Artificial Intelligence and Thirty-First Innovative Applications of Artificial Intelligence Conference and Ninth AAAI Symposium on Educational Advances in Artificial Intelligence},
articleno = {906},
numpages = {8},
location = {Honolulu, Hawaii, USA},
series = {AAAI'19/IAAI'19/EAAI'19}
}

@inproceedings{roemmele-gordon-2018-linguistic,
    title = "Linguistic Features of Helpfulness in Automated Support for Creative Writing",
    author = "Roemmele, Melissa  and
      Gordon, Andrew",
    booktitle = "Proceedings of the First Workshop on Storytelling",
    month = jun,
    year = "2018",
    address = "New Orleans, Louisiana",
    publisher = "Association for Computational Linguistics",
    url = "https://aclanthology.org/W18-1502",
    doi = "10.18653/v1/W18-1502",
    pages = "14--19"}

@inproceedings{rashkin-etal-2020-plotmachines,
    title = "{P}lot{M}achines: Outline-Conditioned Generation with Dynamic Plot State Tracking",
    author = "Rashkin, Hannah  and
      Celikyilmaz, Asli  and
      Choi, Yejin  and
      Gao, Jianfeng",
    booktitle = "Proceedings of the 2020 Conference on Empirical Methods in Natural Language Processing (EMNLP)",
    month = nov,
    year = "2020",
    address = "Online",
    publisher = "Association for Computational Linguistics",
    url = "https://aclanthology.org/2020.emnlp-main.349",
    doi = "10.18653/v1/2020.emnlp-main.349",
    pages = "4274--4295"}

@inproceedings{goldfarb-tarrant-etal-2020-content,
    title = "Content Planning for Neural Story Generation with Aristotelian Rescoring",
    author = "Goldfarb-Tarrant, Seraphina  and
      Chakrabarty, Tuhin  and
      Weischedel, Ralph  and
      Peng, Nanyun",
    booktitle = "Proceedings of the 2020 Conference on Empirical Methods in Natural Language Processing (EMNLP)",
    month = nov,
    year = "2020",
    address = "Online",
    publisher = "Association for Computational Linguistics",
    url = "https://aclanthology.org/2020.emnlp-main.351",
    doi = "10.18653/v1/2020.emnlp-main.351",
    pages = "4319--4338"}

@inproceedings{10.1145/3424636.3426903,
author = {Nichols, Eric and Gao, Leo and Gomez, Randy},
title = {Collaborative Storytelling with Large-Scale Neural Language Models},
year = {2020},
isbn = {9781450381710},
publisher = {Association for Computing Machinery},
address = {New York, NY, USA},
url = {https://doi.org/10.1145/3424636.3426903},
doi = {10.1145/3424636.3426903},
booktitle = {Proceedings of the 13th ACM SIGGRAPH Conference on Motion, Interaction and Games},
articleno = {17},
numpages = {10},
keywords = {interactivity, AI agents, language models, storytelling},
location = {Virtual Event, SC, USA},
series = {MIG '20}
}

@article{AIassistedWriting1,
  title={The Computers Are Getting Better at Writing},
  url= {https://www.newyorker.com/culture/cultural-comment/the-computers-are-getting-better-at-writing},
  author={Marche, Stephen},
  journal={The NewYorker},
  year={2021}
}

@inproceedings{mirowski2023cowriting,
author = {Mirowski, Piotr and Mathewson, Kory W. and Pittman, Jaylen and Evans, Richard},
title = {Co-Writing Screenplays and Theatre Scripts with Language Models: Evaluation by Industry Professionals},
year = {2023},
isbn = {9781450394215},
publisher = {Association for Computing Machinery},
address = {New York, NY, USA},
url = {https://doi.org/10.1145/3544548.3581225},
doi = {10.1145/3544548.3581225},
booktitle = {Proceedings of the 2023 CHI Conference on Human Factors in Computing Systems},
articleno = {355},
numpages = {34},
keywords = {co-creativity, natural language generation, natural language evaluation, human-computer interaction, theatre, computational creativity, improvisation},
location = {Hamburg, Germany},
series = {CHI '23}
}

@inproceedings{gero2023social,
author = {Gero, Katy Ilonka and Long, Tao and Chilton, Lydia B},
title = {Social Dynamics of AI Support in Creative Writing},
year = {2023},
isbn = {9781450394215},
publisher = {Association for Computing Machinery},
address = {New York, NY, USA},
url = {https://doi.org/10.1145/3544548.3580782},
doi = {10.1145/3544548.3580782},
booktitle = {Proceedings of the 2023 CHI Conference on Human Factors in Computing Systems},
articleno = {245},
numpages = {15},
keywords = {creative writing, language models, writing support tools, human-AI collaboration, writing assistants},
location = {Hamburg, Germany},
series = {CHI '23}
}

@article{chen2023chatgpt,
  title={How is ChatGPT's behavior changing over time?},
  author={Chen, Lingjiao and Zaharia, Matei and Zou, James},
  journal={arXiv preprint arXiv:2307.09009},
  year={2023}
}


@article{eloundou2023gpts,
  title={Gpts are gpts: An early look at the labor market impact potential of large language models},
  author={Eloundou, Tyna and Manning, Sam and Mishkin, Pamela and Rock, Daniel},
  journal={arXiv preprint arXiv:2303.10130},
  year={2023}
}

@inproceedings{yang2022re3,
    title = "Re3: Generating Longer Stories With Recursive Reprompting and Revision",
    author = "Yang, Kevin  and
      Tian, Yuandong  and
      Peng, Nanyun  and
      Klein, Dan",
    booktitle = "Proceedings of the 2022 Conference on Empirical Methods in Natural Language Processing",
    month = dec,
    year = "2022",
    address = "Abu Dhabi, United Arab Emirates",
    publisher = "Association for Computational Linguistics",
    url = "https://aclanthology.org/2022.emnlp-main.296",
    doi = "10.18653/v1/2022.emnlp-main.296",
    pages = "4393--4479"}

@inproceedings{10.1145/3313831.3376495,
author = {Bourdeau, Simon and Lesage, Annemarie and Couturier Caron, B\'{e}atrice and L\'{e}ger, Pierre-Majorique},
title = {When Design Novices and LEGO® Meet: Stimulating Creative Thinking for Interface Design},
year = {2020},
isbn = {9781450367080},
publisher = {Association for Computing Machinery},
address = {New York, NY, USA},
url = {https://doi.org/10.1145/3313831.3376495},
doi = {10.1145/3313831.3376495},
booktitle = {Proceedings of the 2020 CHI Conference on Human Factors in Computing Systems},
pages = {1–14},
numpages = {14},
keywords = {design methods, tangibles, creativity support, user experience design},
location = {Honolulu, HI, USA},
series = {CHI '20}
}

@article{Beketayev2016ScoringDT,
  title={Scoring Divergent Thinking Tests by Computer With a Semantics-Based Algorithm},
  author={Kenes Beketayev and Mark A. Runco},
  journal={Europe's Journal of Psychology},
  year={2016},
  volume={12},
  pages={210 - 220}
}

@book{burroway2019writing,
  title={Writing fiction: A guide to narrative craft},
  author={Burroway, Janet and Stuckey-French, Elizabeth and Stuckey-French, Ned},
  year={2019},
  publisher={University of Chicago Press}
}

@article{abdel2013we,
  title={What do we mean by writing fluency and how can it be validly measured?},
  author={Abdel Latif, Muhammad M Mahmoud},
  journal={Applied linguistics},
  volume={34},
  number={1},
  pages={99--105},
  year={2013},
  publisher={Oxford University Press}
}

@inproceedings{10.1145/1978942.1979048,
author = {Lewis, Sheena and Dontcheva, Mira and Gerber, Elizabeth},
title = {Affective Computational Priming and Creativity},
year = {2011},
isbn = {9781450302289},
publisher = {Association for Computing Machinery},
address = {New York, NY, USA},
url = {https://doi.org/10.1145/1978942.1979048},
doi = {10.1145/1978942.1979048},
booktitle = {Proceedings of the SIGCHI Conference on Human Factors in Computing Systems},
pages = {735–744},
numpages = {10},
keywords = {design, computational primes, creativity support tools},
location = {Vancouver, BC, Canada},
series = {CHI '11}
}

@article{RUNCO2011400,
title = {Divergent Thinking},
editor = {Mark A. Runco and Steven R. Pritzker},
booktitle = {Encyclopedia of Creativity (Second Edition)},
publisher = {Academic Press},
edition = {Second Edition},
address = {San Diego},
pages = {400-403},
year = {2011},
isbn = {978-0-12-375038-9},
doi = {https://doi.org/10.1016/B978-0-12-375038-9.00077-7},
url = {https://www.sciencedirect.com/science/article/pii/B9780123750389000777},
author = {M.A. Runco}}

@book{nussbaum1997poetic,
  title={Poetic justice: The literary imagination and public life},
  author={Nussbaum, Martha},
  year={1997},
  publisher={Beacon Press}
}

@book{jameson1991postmodernism,
  title={Postmodernism, or, the cultural logic of late capitalism},
  author={Jameson, Fredric},
  year={1991},
  publisher={Duke university press}
}

@book{boardman1992narrative,
  title={Narrative Innovation and Incoherence: Ideology in Defoe, Goldsmith, Austen, Eliot, and Hemingway},
  author={Boardman, Michael M},
  year={1992},
  publisher={Duke University Press}
}

@book{fountain2012cliches,
  title={Clich{\'e}s: Avoid them like the plague},
  author={Fountain, Nigel},
  year={2012},
  publisher={Michael O'Mara Books}
}

@book{clark2008writing,
  title={Writing tools: 55 essential strategies for every writer},
  author={Clark, Roy Peter},
  year={2008},
  publisher={Little, Brown Spark}
}

@book{holland2009literature,
  title={Literature and the Brain},
  author={Holland, Norman Norwood},
  year={2009},
  publisher={PsyArt Foundation}
}

@book{torrance1966torrance,
  title={Torrance tests of creative thinking: Norms-technical manual: Verbal tests, forms a and b: Figural tests, forms a and b},
  author={Torrance, Ellis Paul},
  year={1966},
  publisher={Personal Press, Incorporated}
}

@article{ward1999creative,
  title={Creative cognition},
  author={Ward, Thomas B and Smith, Steven M and Finke, Ronald A},
  journal={Handbook of creativity},
  volume={189},
  pages={212},
  year={1999}
}

@article{Doyle1998TheWT,
  title={The Writer Tells: The Creative Process in the Writing of Literary Fiction},
  author={Charlotte L. Doyle},
  journal={Creativity Research Journal},
  year={1998},
  volume={11},
  pages={29-37}
}

@article{guilford1967nature,
  title={The nature of human intelligence.},
  author={Guilford, Joy Paul},
  year={1967},
  publisher={McGraw-Hill}
}

@book{campe2014rethinking,
  title={Rethinking Emotion: Interiority and Exteriority in Premodern, Modern, and Contemporary Thought},
  author={Campe, R{\"u}diger and Weber, Julia},
  volume={15},
  year={2014},
  publisher={Walter de Gruyter GmbH \& Co KG}
}

@article{friedman1955point,
  title={Point of view in fiction: the development of a critical concept},
  author={Friedman, Norman},
  journal={PMlA},
  volume={70},
  number={5},
  pages={1160--1184},
  year={1955},
  publisher={Cambridge University Press}
}


@article{AIassistedWriting2,
  title={Could an A.I. Chatbot Rewrite My Novel?},
  url= {https://www.newyorker.com/news/our-columnists/could-an-ai-chatbot-rewrite-my-novel},
  author={Kang, Jay Caspian},
  journal={The NewYorker},
  year={2022}
}

@article{BadEndings,
  title={On Bad Endings},
  url= {https://www.newyorker.com/books/page-turner/on-bad-endings},
  author={Accocela,Joan},
  journal={The NewYorker},
  year={2012}
}

@inproceedings{lee2022coauthor,
author = {Lee, Mina and Liang, Percy and Yang, Qian},
title = {CoAuthor: Designing a Human-AI Collaborative Writing Dataset for Exploring Language Model Capabilities},
year = {2022},
isbn = {9781450391573},
publisher = {Association for Computing Machinery},
address = {New York, NY, USA},
url = {https://doi.org/10.1145/3491102.3502030},
doi = {10.1145/3491102.3502030},
booktitle = {Proceedings of the 2022 CHI Conference on Human Factors in Computing Systems},
articleno = {388},
numpages = {19},
keywords = {language models, GPT-3, dataset, crowdsourcing, natural language generation, Human-AI collaborative writing, writing assistants.},
location = {New Orleans, LA, USA},
series = {CHI '22}
}


@article{AIassistedWriting3,
  title={The Writers Guild of America likens AI-generated content to plagiarism},
  url= {https://www.theverge.com/2023/3/22/23651804/wga-union-chatgpt-ai-tools-proposal},
  author={Pulliam-Moore,Charles},
  journal={The Verge},
  year={2023}
}

@article{AIassistedWriting4,
  title={The Future of Writing Is a Lot Like Hip-Hop},
  url= {https://www.theatlantic.com/technology/archive/2023/05/generative-ai-novel-writing-experiment-stephen-marche/673997/},
  author={Marche,Stephen},
  journal={The Atlantic},
  year={2023}
}

@book{doty2014art,
  title={The art of description: World into word},
  author={Doty, Mark},
  year={2014},
  publisher={Graywolf Press}
}


@inproceedings{yang2022doc,
    title = "{DOC}: Improving Long Story Coherence With Detailed Outline Control",
    author = "Yang, Kevin  and
      Klein, Dan  and
      Peng, Nanyun  and
      Tian, Yuandong",
    booktitle = "Proceedings of the 61st Annual Meeting of the Association for Computational Linguistics (Volume 1: Long Papers)",
    month = jul,
    year = "2023",
    address = "Toronto, Canada",
    publisher = "Association for Computational Linguistics",
    url = "https://aclanthology.org/2023.acl-long.190",
    doi = "10.18653/v1/2023.acl-long.190",
    pages = "3378--3465"}




@inproceedings{yuan2022wordcraft,
  title={Wordcraft: story writing with large language models},
  author={Yuan, Ann and Coenen, Andy and Reif, Emily and Ippolito, Daphne},
  booktitle={27th International Conference on Intelligent User Interfaces},
  pages={841--852},
  year={2022}
}

@article{kochis2007baxter,
  title={Baxter, Charles. The Art of Subtext: Beyond Plot},
  author={Kochis, Maria},
  journal={Library Journal},
  volume={132},
  number={14},
  pages={135--136},
  year={2007},
  publisher={Library Journals, LLC}
}

@book{phelan1996narrative,
  title={Narrative as rhetoric: Technique, audiences, ethics, ideology},
  author={Phelan, James},
  year={1996},
  publisher={Ohio State University Press}
}

@book{currie1990nature,
  title={The nature of fiction},
  author={Currie, Gregory},
  year={1990},
  publisher={Cambridge University Press}
}

@article{chakrabarty2023creativity,
  title={Creativity Support in the Age of Large Language Models: An Empirical Study Involving Emerging Writers},
  author={Chakrabarty, Tuhin and Padmakumar, Vishakh and Brahman, Faeze and Muresan, Smaranda},
  journal={arXiv preprint arXiv:2309.12570},
  year={2023}
}

@article{fishelov1990types,
  title={Types of character, characteristics of types},
  author={Fishelov, David},
  journal={Style},
  pages={422--439},
  year={1990},
  publisher={JSTOR}
}

@inproceedings{hamalainen2023evaluating,
  title={Evaluating large language models in generating synthetic hci research data: a case study},
  author={H{\"a}m{\"a}l{\"a}inen, Perttu and Tavast, Mikke and Kunnari, Anton},
  booktitle={Proceedings of the 2023 CHI Conference on Human Factors in Computing Systems},
  pages={1--19},
  year={2023}
}

@book{forster1927aspects,
  title={Aspects of the Novel},
  author={Forster, Edward Morgan},
  year={1927},
  publisher={Harcourt, Brace}
}


@Article{Abril07,
  author        = "Patricia S. Abril and Robert Plant",
  title         = "The patent holder's dilemma: Buy, sell, or troll?",
  journal       = "Communications of the ACM",
  volume        = "50",
  number        = "1",
  month         = jan,
  year          = "2007",
  pages         = "36--44",
  doi           = "10.1145/1188913.1188915",
  url           = "http://doi.acm.org/10.1145/1219092.1219093",
  note          = "",
}

@Article{Cohen07,
  author        = "Sarah Cohen and Werner Nutt and Yehoshua Sagic",
  title         = "Deciding equivalances among conjunctive aggregate queries",
  journal       = JACM,
  articleno     = 5,
  numpages      = 50,
  volume        = 54,
  number        = 2,
  month         = apr,
  year          = 2007,
  doi           = "10.1145/1219092.1219093",
  url           = "http://doi.acm.org/10.1145/1219092.1219093",
  acmid         = 1219093,
}


@periodical{JCohen96,
  key =          "Cohen",
  editor =       "Jacques Cohen",
  title =        "Special issue: Digital Libraries",
  journal =      CACM,
  volume =       "39",
  number =       "11",
  month =        nov,
  year =         "1996",
}


@Book{Kosiur01,
  author =       "David Kosiur",
  title =        "Understanding Policy-Based Networking",
  publisher =    "Wiley",
  year =         "2001",
  address =      "New York, NY",
  edition =      "2nd.",
  editor =       "",
  volume =       "",
  number =       "",
  series =       "",
  month =        "",
  note =         "",
}


@Book{Harel79,
  author =       "David Harel",
  year =         "1979",
  title =        "First-Order Dynamic Logic",
  series =       "Lecture Notes in Computer Science",
  volume =       "68",
  address =      "New York, NY",
  publisher =    "Springer-Verlag",
  doi =          "10.1007/3-540-09237-4",
  url =          "http://dx.doi.org/10.1007/3-540-09237-4",
  editor =       "",
  number =       "",
  month =        "",
  note =         "",
}


@Inbook{Editor00,
  author =       "",
  editor =       "Ian Editor",
  title =        "The title of book one",
  subtitle =     "The book subtitle",
  series =       "The name of the series one",
  year =         "2007",
  volume =       "9",
  address =      "Chicago",
  edition =      "1st.",
  publisher =    "University of Chicago Press",
  doi =          "10.1007/3-540-09237-4",
  url =          "http://dx.doi.org/10.1007/3-540-09456-9",
  chapter =      "",
  pages =        "",
  number =       "",
  type =         "",
  month =        "",
  note =         "",
}

%
@InBook{Editor00a,
  author =       "",
  editor =       "Ian Editor",
  title =        "The title of book two",
  subtitle =     "The book subtitle",
  series =       "The name of the series two",
  year =         "2008",
  address =      "Chicago",
  edition =      "2nd.",
  publisher =    "University of Chicago Press",
  doi =          "10.1007/3-540-09237-4",
  url =          "http://dx.doi.org/10.1007/3-540-09456-9",
  volume =       "",
  chapter =      "100",
  pages =        "",
  number =       "",
  type =         "",
  month =        "",
  note =         "",
}


% incollection (has an editor, title, and possibly a booktitle)
@Incollection{Spector90,
  author =       "Asad Z. Spector",
  title =        "Achieving application requirements",
  booktitle =    "Distributed Systems",
  publisher =    "ACM Press",
  address =      "New York, NY",
  year =         "1990",
  edition =      "2nd.",
  chapter =      "",
  editor =       "Sape Mullender",
  pages =        "19--33",
  doi =          "10.1145/90417.90738",
  url =          "http://doi.acm.org/10.1145/90417.90738",
  volume =       "",
  number =       "",
  series =       "",
  type =         "",
  month =        "",
  note =         "",
}


% incollection (has an editor, title, and possibly a booktitle)
@Incollection{Douglass98,
  author =       "Bruce P. Douglass and David Harel and Mark B. Trakhtenbrot",
  title =        "Statecarts in use: structured analysis and object-orientation",
  series =       "Lecture Notes in Computer Science",
  booktitle =    "Lectures on Embedded Systems",
  publisher =    "Springer-Verlag",
  address =      "London",
  volume =       "1494",
  year =         "1998",
  chapter =      "",
  editor =       "Grzegorz Rozenberg and Frits W. Vaandrager",
  pages =        "368--394",
  doi =          "10.1007/3-540-65193-4_29",
  url =          "http://dx.doi.org/10.1007/3-540-65193-4_29",
  edition =      "",
  number =       "",
  type =         "",
  month =        "",
  note =         "",
}


@Book{Knuth97,
  author =       "Donald E. Knuth",
  title =        "The Art of Computer Programming, Vol. 1: Fundamental Algorithms (3rd. ed.)",
  publisher =    "Addison Wesley Longman Publishing Co., Inc.",
  year =         "1997",
  address =      "",
  edition =      "",
  editor =       "",
  volume =       "",
  number =       "",
  series =       "",
  month =        "",
  note =         "",
}


@Book{Knuth98,
  author =       "Donald E. Knuth",
  year =         "1998",
  title =        "The Art of Computer Programming",
  series =       "Fundamental Algorithms",
  volume =       "1",
  edition =      "3rd",
  address =      "",
  publisher =    "Addison Wesley Longman Publishing Co., Inc.",
  doi =          "",
  url =          "",
  editor =       "",
  number =       "",
  month =        "",
  note =         "(book)",
}



@incollection{GM05,
Author= "Dan Geiger and Christopher Meek",
Title= "Structured Variational Inference Procedures and their Realizations (as incol)",
Year= 2005,
Booktitle="Proceedings of Tenth International Workshop on Artificial Intelligence and Statistics, {\rm The Barbados}",
Publisher="The Society for Artificial Intelligence and Statistics",
Month= jan,
Editors= "Z. Ghahramani and R. Cowell"
}

@Inproceedings{Smith10,
  author =       "Stan W. Smith",
  title =        "An experiment in bibliographic mark-up: Parsing metadata for XML export",
  booktitle =    "Proceedings of the 3rd. annual workshop on Librarians and Computers",
  series =       "LAC '10",
  editor =       "Reginald N. Smythe and Alexander Noble",
  volume =       "3",
  year =         "2010",
  publisher =    "Paparazzi Press",
  address =      "Milan Italy",
  pages =        "422--431",
  doi =          "99.9999/woot07-S422",
  url =          "http://dx.doi.org/99.0000/woot07-S422",
  number =       "",
  month =        "",
  organization = "",
  note =         "",
}

@Inproceedings{VanGundy07,
  author =       "Matthew Van Gundy and Davide Balzarotti and Giovanni Vigna",
  year =         2007,
  title =        "Catch me, if you can: Evading network signatures with web-based polymorphic worms",
  booktitle =    "Proceedings of the first USENIX workshop on Offensive Technologies",
  series =       "WOOT '07",
  publisher =    "USENIX Association",
  address =      "Berkley, CA",
  articleno =    {Paper 7},
  numpages =     9,
}

@Inproceedings{VanGundy08,
  author =       "Matthew Van Gundy and Davide Balzarotti and Giovanni Vigna",
  year =         2008,
  title =        "Catch me, if you can: Evading network signatures with web-based polymorphic worms",
  booktitle =    "Proceedings of the first USENIX workshop on Offensive Technologies",
  series =       "WOOT '08",
  publisher =    "USENIX Association",
  address =      "Berkley, CA",
  articleno =    7,
  numpages =     2,
  pages =        "99-100",
}

@Inproceedings{VanGundy09,
  author =       "Matthew Van Gundy and Davide Balzarotti and Giovanni Vigna",
  year =         2009,
  title =        "Catch me, if you can: Evading network signatures with web-based polymorphic worms",
  booktitle =    "Proceedings of the first USENIX workshop on Offensive Technologies",
  series =       "WOOT '09",
  publisher =    "USENIX Association",
  address =      "Berkley, CA",
  pages =        "90--100",
}

@Inproceedings{Andler79,
  author =       "Sten Andler",
  title =        "Predicate Path expressions",
  booktitle =    "Proceedings of the 6th. ACM SIGACT-SIGPLAN symposium on Principles of Programming Languages",
  series =       "POPL '79",
  year =         "1979",
  publisher =    "ACM Press",
  address =      "New York, NY",
  pages =        "226--236",
  doi =          "10.1145/567752.567774",
  url =          "http://doi.acm.org/10.1145/567752.567774",
  editor =       "",
  volume =       "",
  number =       "",
  month =        "",
  organization = "",
  note =         "",
}

@Techreport{Harel78,
  author =       "David Harel",
  year =         "1978",
  title =        "LOGICS of Programs: AXIOMATICS and DESCRIPTIVE POWER",
  institution =  "Massachusetts Institute of Technology",
  type =         "MIT Research Lab Technical Report",
  number =       "TR-200",
  address =      "Cambridge, MA",
  month =        "",
  note =         "",
}

@article{wei2022chain,
  title={Chain-of-thought prompting elicits reasoning in large language models},
  author={Wei, Jason and Wang, Xuezhi and Schuurmans, Dale and Bosma, Maarten and Xia, Fei and Chi, Ed and Le, Quoc V and Zhou, Denny and others},
  journal={Advances in Neural Information Processing Systems},
  volume={35},
  pages={24824--24837},
  year={2022}
}

@article{OpenAI2023GPT4TR,
  title={GPT-4 Technical Report},
  author={OpenAI},
  journal={ArXiv},
  year={2023},
  volume={abs/2303.08774}
}

@article{ChatGPT,
  title={ChatGT: Optimizing language models for dialogue.},
  author={OpenAI},
  url={https://openai.com/blog/chatgpt/},
  year={2022},
}

@article{chen2023ambient,
  title={Ambient Adventures: Teaching ChatGPT on Developing Complex Stories},
  author={Chen, Zexin and Zhou, Eric and Eaton, Kenneth and Peng, Xiangyu and Riedl, Mark},
  journal={arXiv preprint arXiv:2308.01734},
  year={2023}
}

@article{Claude,
  title={Introducing Claude},
  author={Anthropic},
  url={https://www.anthropic.com/index/introducing-claude},
  year={2022},
}



@MASTERSTHESIS{anisi03,
author = {David A. Anisi},
title = {Optimal Motion Control of a Ground Vehicle},
school = {Royal Institute of Technology (KTH), Stockholm, Sweden},
intitution = {FOI-R-0961-SE, Swedish Defence Research Agency (FOI)},
year = {2003},
}


@Phdthesis{Clarkson85,
  author =       "Kenneth L. Clarkson",
  year =         "1985",
  title =        "Algorithms for Closest-Point Problems (Computational Geometry)",
  school =       "Stanford University",
  address =      "Palo Alto, CA",
  note =         "UMI Order Number: AAT 8506171",
  type =         "",
  month =        "",
}


@online{Thornburg01,
  author =       "Harry Thornburg",
  year =         "2001",
  title =        "Introduction to Bayesian Statistics",
  url =          "http://ccrma.stanford.edu/~jos/bayes/bayes.html",
  month =        mar,
  lastaccessed = "March 2, 2005",
}


@online{Ablamowicz07,
  author =       "Rafal Ablamowicz and Bertfried Fauser",
  year =         "2007",
  title =        "CLIFFORD: a Maple 11 Package for Clifford Algebra Computations, version 11",
  url =          "http://math.tntech.edu/rafal/cliff11/index.html",
  lastaccessed = "February 28, 2008",
}


@misc{Poker06,
  author =       "Poker-Edge.Com",
  year =         "2006",
  month =        mar,
  title =        "Stats and Analysis",
  lastaccessed = "June 7, 2006",
  url =          "http://www.poker-edge.com/stats.php",
}

@misc{Obama08,
  author        = "Barack Obama",
  year          = "2008",
  title         = "A more perfect union",
  howpublished  = "Video",
  day           = "5",
  url           = "http://video.google.com/videoplay?docid=6528042696351994555",
  month         = mar,
  lastaccessed  = "March 21, 2008",
  note          =  "",
}

@misc{JoeScientist001,
  author =       "Joseph Scientist",
  year =         "2009",
  title =        "The fountain of youth",
  note =         "Patent No. 12345, Filed July 1st., 2008, Issued Aug. 9th., 2009",
  url =          "",
  howpublished = "",
  month =        aug,
  lastaccessed = "",
}


@Inproceedings{Novak03,
  author =       "Dave Novak",
  title =        "Solder man",
  booktitle =    "ACM SIGGRAPH 2003 Video Review on Animation theater Program: Part I - Vol. 145 (July 27--27, 2003)",
  year =         "2003",
  publisher =    "ACM Press",
  address =      "New York, NY",
  pages =        "4",
  month =        "March 21, 2008",
  doi =          "99.9999/woot07-S422",
  url =          "http://video.google.com/videoplay?docid=6528042696351994555",
  note =         "",
  howpublished = "Video",
  editor =       "",
  volume =       "",
  number =       "",
  series =       "",
  organization = "",
  distinctURL = 1
}


@article{Lee05,
  author =       "Newton Lee",
  year =         "2005",
  title =        "Interview with Bill Kinder: January 13, 2005",
  journal =      "Comput. Entertain.",
  eid =          "4",
  volume =       "3",
  number =       "1",
  month =        "Jan.-March",
  doi =          "10.1145/1057270.1057278",
  url =          "http://doi.acm.org/10.1145/1057270.1057278",
  howpublished = "Video",
  note =         "",
}

@article{rous08,
  author =       "Bernard Rous",
  year =         "2008",
  title =        "The Enabling of Digital Libraries",
  journal =      "Digital Libraries",
  volume =       "12",
  number =       "3",
  month =        jul,
  articleno =    "Article~5",
  doi =          "",
  url =          "",
  howpublished = "",
  note =         "To appear",
}

@article{384253,
 author = {Werneck,, Renato and Setubal,, Jo\~{a}o and da Conceic\~{a}o,, Arlindo},
 title = {(old) Finding minimum congestion spanning trees},
 journal = {J. Exp. Algorithmics},
 volume = {5},
 year = {2000},
 issn = {1084-6654},
 pages = {11},
 doi = {http://doi.acm.org/10.1145/351827.384253},
 publisher = {ACM},
 address = {New York, NY, USA},
 }


@article{Werneck:2000:FMC:351827.384253,
 author = {Werneck, Renato and Setubal, Jo\~{a}o and da Conceic\~{a}o, Arlindo},
 title = {(new) Finding minimum congestion spanning trees},
 journal = {J. Exp. Algorithmics},
 volume = 5,
 month = dec,
 year = 2000,
 issn = {1084-6654},
 articleno = 11,
 url = {http://portal.acm.org/citation.cfm?id=351827.384253},
 doi = {10.1145/351827.384253},
 acmid = 384253,
 publisher = {ACM},
 address = {New York, NY, USA},
}

@article{1555162,
 author = {Conti, Mauro and Di Pietro, Roberto and Mancini, Luigi V. and Mei, Alessandro},
 title = {(old) Distributed data source verification in wireless sensor networks},
 journal = {Inf. Fusion},
 volume = {10},
 number = {4},
 year = {2009},
 issn = {1566-2535},
 pages = {342--353},
 doi = {http://dx.doi.org/10.1016/j.inffus.2009.01.002},
 publisher = {Elsevier Science Publishers B. V.},
 address = {Amsterdam, The Netherlands, The Netherlands},
 }

@article{Conti:2009:DDS:1555009.1555162,
 author = {Conti, Mauro and Di Pietro, Roberto and Mancini, Luigi V. and Mei, Alessandro},
 title = {(new) Distributed data source verification in wireless sensor networks},
 journal = {Inf. Fusion},
 volume = {10},
 number = {4},
 month = oct,
 year = {2009},
 issn = {1566-2535},
 pages = {342--353},
 numpages = {12},
 url = {http://portal.acm.org/citation.cfm?id=1555009.1555162},
 doi = {10.1016/j.inffus.2009.01.002},
 acmid = {1555162},
 publisher = {Elsevier Science Publishers B. V.},
 address = {Amsterdam, The Netherlands, The Netherlands},
 keywords = {Clone detection, Distributed protocol, Securing data fusion, Wireless sensor networks},
}

@inproceedings{Li:2008:PUC:1358628.1358946,
 author = {Li, Cheng-Lun and Buyuktur, Ayse G. and Hutchful, David K. and Sant, Natasha B. and Nainwal, Satyendra K.},
 title = {Portalis: using competitive online interactions to support aid initiatives for the homeless},
 booktitle = {CHI '08 extended abstracts on Human factors in computing systems},
 year = {2008},
 isbn = {978-1-60558-012-X},
 location = {Florence, Italy},
 pages = {3873--3878},
 numpages = {6},
 url = {http://portal.acm.org/citation.cfm?id=1358628.1358946},
 doi = {10.1145/1358628.1358946},
 acmid = {1358946},
 publisher = {ACM},
 address = {New York, NY, USA},
 keywords = {cscw, distributed knowledge acquisition, incentive design, online games, recommender systems, reputation systems, user studies, virtual community},
}

@article{flower1981cognitive,
  title={A cognitive process theory of writing},
  author={Flower, Linda and Hayes, John R},
  journal={College composition and communication},
  volume={32},
  number={4},
  pages={365--387},
  year={1981},
  publisher={JSTOR}
}

@book{Hollis:1999:VBD:519964,
 author = {Hollis, Billy S.},
 title = {Visual Basic 6: Design, Specification, and Objects with Other},
 year = {1999},
 isbn = {0130850845},
 edition = {1st},
 publisher = {Prentice Hall PTR},
 address = {Upper Saddle River, NJ, USA},
 }


@book{Goossens:1999:LWC:553897,
 author = {Goossens, Michel and Rahtz, S. P. and Moore, Ross and Sutor, Robert S.},
 title = {The  Latex Web Companion: Integrating TEX, HTML, and XML},
 year = {1999},
 isbn = {0201433117},
 edition = {1st},
 publisher = {Addison-Wesley Longman Publishing Co., Inc.},
 address = {Boston, MA, USA},
 }

% need to test genres for errant isbn output

% techreport
@techreport{897367,
 author = {Buss, Jonathan F. and Rosenberg, Arnold L. and Knott, Judson D.},
 title = {Vertex Types in Book-Embeddings},
 year = {1987},
 source = {http://www.ncstrl.org:8900/ncstrl/servlet/search?formname=detail\&id=oai%3Ancstrlh%3Aumass_cs%3Ancstrl.umassa_cs%2F%2FUM-CS-1987-018},
 publisher = {University of Massachusetts},
 address = {Amherst, MA, USA},
 }

@techreport{Buss:1987:VTB:897367,
 author = {Buss, Jonathan F. and Rosenberg, Arnold L. and Knott, Judson D.},
 title = {Vertex Types in Book-Embeddings},
 year = {1987},
 source = {http://www.ncstrl.org:8900/ncstrl/servlet/search?formname=detail\&id=oai%3Ancstrlh%3Aumass_cs%3Ancstrl.umassa_cs%2F%2FUM-CS-1987-018},
 publisher = {University of Massachusetts},
 address = {Amherst, MA, USA},
 }

% whole proceedings

@proceedings{Czerwinski:2008:1358628,
 author = {},
 note = {General Chair-Czerwinski, Mary and General Chair-Lund, Arnie and Program Chair-Tan, Desney},
 title = {CHI '08: CHI '08 extended abstracts on Human factors in computing systems},
 year = {2008},
 isbn = {978-1-60558-012-X},
 location = {Florence, Italy},
 order_no = {608085},
 publisher = {ACM},
 address = {New York, NY, USA},
 }

% phdthesis

@phdthesis{Clarkson:1985:ACP:911891,
 author = {Clarkson, Kenneth Lee},
 advisor = {Yao, Andrew C.},
 title = {Algorithms for Closest-Point Problems (Computational Geometry)},
 year = {1985},
 note = {AAT 8506171},
 school = {Stanford University},
 address = {Stanford, CA, USA},
 }
% school is being picked up -- but not publisher (which is OK)
% Also -- the title is NOT being output in italics !!! Arrrrgh! - I fixed it. :-)


%%% compare with 'old'
%%% atsign-Phdthesis{Clarkson85,
%%%  author =       "Kenneth L. Clarkson",
%%%  year =         "1985",
%%%  title =        "Algorithms for Closest-Point Problems (Computational Geometry)",
%%%  school =       "Stanford University",
%%%  address =      "Palo Alto, CA",
%%%  note =         "UMI Order Number: AAT 8506171",
%%%  type =         "",
%%%  month =        "",
%%%}

% A bibliography
@Article{1984:1040142,
 key = {{$\!\!$}},
 journal = {SIGCOMM Comput. Commun. Rev.},
 year = {1984},
 issn = {0146-4833},
 volume = {13-14},
 number = {5-1},
 issue_date = {January/April 1984},
 publisher = {ACM},
 address = {New York, NY, USA},
 }


% grinder
@inproceedings{2004:ITE:1009386.1010128,
 key = {IEEE},
 title = {IEEE TCSC Executive Committee},
 booktitle = {Proceedings of the IEEE International Conference on Web Services},
 series = {ICWS '04},
 year = {2004},
 isbn = {0-7695-2167-3},
 pages = {21--22},
 url = {http://dx.doi.org/10.1109/ICWS.2004.64},
 doi = {http://dx.doi.org/10.1109/ICWS.2004.64},
 acmid = {1010128},
 publisher = {IEEE Computer Society},
 address = {Washington, DC, USA},
}

% div book
@book{Mullender:1993:DS:302430,
 editor = {Mullender, Sape},
 title = {Distributed systems (2nd Ed.)},
 year = {1993},
 isbn = {0-201-62427-3},
 publisher = {ACM Press/Addison-Wesley Publishing Co.},
 address = {New York, NY, USA},
 }

% master thesis (as techreport and thesis)

@techreport{Petrie:1986:NAD:899644,
 author = {Petrie, Charles J.},
 title = {New Algorithms for Dependency-Directed Backtracking (Master's thesis)},
 year = {1986},
 source = {http://www.ncstrl.org:8900/ncstrl/servlet/search?formname=detail\&id=oai%3Ancstrlh%3Autexas_cs%3AUTEXAS_CS%2F%2FAI86-33},
 publisher = {University of Texas at Austin},
 address = {Austin, TX, USA},
 }

@MASTERSTHESIS{Petrie:1986:NAD:12345,
 author = {Petrie, Charles J.},
 title = {New Algorithms for Dependency-Directed Backtracking (Master's thesis)},
 year = {1986},
 source = {http://www.ncstrl.org:8900/ncstrl/servlet/search?formname=detail\&id=oai%3Ancstrlh%3Autexas_cs%3AUTEXAS_CS%2F%2FAI86-33},
 school = {University of Texas at Austin},
 address = {Austin, TX, USA},
 }




@BOOK{book-minimal,
   author = "Donald E. Knuth",
   title = "Seminumerical Algorithms",
   publisher = "Addison-Wesley",
   year = "1981",
}

% incollection (has an editor, title, and possibly a booktitle)
@INcollection{KA:2001,
 author = {Kong, Wei-Chang},
 Title = {The implementation of electronic commerce in SMEs in Singapore (as Incoll)},
 booktitle = {E-commerce and cultural values},
 year = {2001},
 isbn = {1-59140-056-2},
 pages = {51--74},
 numpages = {24},
 url = {http://portal.acm.org/citation.cfm?id=887006.887010},
 acmid = {887010},
 publisher = {IGI Publishing},
 address = {Hershey, PA, USA},
}


% with bibfield 'type' before chapter (note no editor)
@INBOOK{KAGM:2001,
 author = {Kong, Wei-Chang},
 type = {Name of Chapter:},
 chapter = {The implementation of electronic commerce in SMEs in Singapore (Inbook-w-chap-w-type)},
 title = {E-commerce and cultural values},
 year = {2001},
 isbn = {1-59140-056-2},
 pages = {51--74},
 numpages = {24},
 url = {http://portal.acm.org/citation.cfm?id=887006.887010},
 acmid = {887010},
 publisher = {IGI Publishing},
 address = {Hershey, PA, USA},
}

@incollection{Kong:2002:IEC:887006.887010,
  author =      {Kong, Wei-Chang},
  editor =      {Theerasak Thanasankit},
  title =       {Chapter 9},
  booktitle =   {E-commerce and cultural values (Incoll-w-text (chap 9) 'title')},
  year =        {2002},
  address =     {Hershey, PA, USA},
  publisher =   {IGI Publishing},
  url =         {http://portal.acm.org/citation.cfm?id=887006.887010},
  pages =       {51--74},
  numpages =    {24},
  acmid =       {887010},
  isbn =        {1-59140-056-2},
  number =      "",
  type =        "",
  month =       "",
  note =        "",
}

% incol when the chapter is 'text' - due to presence of editor (different to author)
@incollection{Kong:2003:IEC:887006.887011,
 author = {Kong, Wei-Chang},
 title = {The implementation of electronic commerce in SMEs in Singapore (Incoll)},
 booktitle = {E-commerce and cultural values},
 editor = {Thanasankit, Theerasak},
 year = {2003},
 isbn = {1-59140-056-2},
 pages = {51--74},
 numpages = {24},
 url = {http://portal.acm.org/citation.cfm?id=887006.887010},
 acmid = {887010},
 publisher = {IGI Publishing},
 address = {Hershey, PA, USA},
}

@InBook{Kong:2004:IEC:123456.887010,
  author =      {Kong, Wei-Chang},
  editor =      {Theerasak Thanasankit},
  title =       {E-commerce and cultural values - (InBook-num-in-chap)},
  chapter =     {9},
  year =        {2004},
  address =     {Hershey, PA, USA},
  publisher =   {IGI Publishing},
  url =         {http://portal.acm.org/citation.cfm?id=887006.887010},
  pages =       {51--74},
  numpages =    {24},
  acmid =       {887010},
  isbn =        {1-59140-056-2},
  number =      "",
  type =        "",
  month =       "",
  note =        "",
}


% and inbook with text in chapter
@Inbook{Kong:2005:IEC:887006.887010,
  author =      {Kong, Wei-Chang},
  editor =      {Theerasak Thanasankit},
  title =       {E-commerce and cultural values (Inbook-text-in-chap)},
  chapter =     {The implementation of electronic commerce in SMEs in Singapore},
  year =        {2005},
  address =     {Hershey, PA, USA},
  publisher =   {IGI Publishing},
  url =         {http://portal.acm.org/citation.cfm?id=887006.887010},
  type =        {Chapter:},
  pages =       {51--74},
  numpages =    {24},
  acmid =       {887010},
  isbn =        {1-59140-056-2},
  number =      "",
  month =       "",
  note =        "",
}


% and inbook with a num and type field
@Inbook{Kong:2006:IEC:887006.887010,
  author =      {Kong, Wei-Chang},
  editor =      {Theerasak Thanasankit},
  title =       {E-commerce and cultural values (Inbook-num chap)},
  chapter =     {22},
  year =        {2006},
  address =     {Hershey, PA, USA},
  publisher =   {IGI Publishing},
  url =         {http://portal.acm.org/citation.cfm?id=887006.887010},
  type =        {Chapter (in type field)},
  pages =       {51--74},
  numpages =    {24},
  acmid =       {887010},
  isbn =        {1-59140-056-2},
  number =      "",
  month =       "",
  note =        "",
}

@article{SaeediMEJ10,
            author = {Mehdi Saeedi and Morteza Saheb Zamani and Mehdi Sedighi},
            title = {A library-based synthesis methodology for reversible logic},
            journal = {Microelectron. J.},
            volume = {41},
            number = {4},
            month = apr,
            year = {2010},
            pages = {185--194},
}

@ARTICLE{SaeediJETC10,
            author = {Mehdi Saeedi and Morteza Saheb Zamani and Mehdi Sedighi and Zahra Sasanian},
            title = {Synthesis of Reversible Circuit Using Cycle-Based Approach},
            journal = {J. Emerg. Technol. Comput. Syst.},
            volume = {6},
            number = {4},
            month = dec,
            year = {2010}
            }

% Asad's new version
@article{Kirschmer:2010:AEI:1958016.1958018,
 author = {Kirschmer, Markus and Voight, John},
 title = {Algorithmic Enumeration of Ideal Classes for Quaternion Orders},
 journal = {SIAM J. Comput.},
 issue_date = {January 2010},
 volume = {39},
 number = {5},
 month = jan,
 year = {2010},
 issn = {0097-5397},
 pages = {1714--1747},
 numpages = {34},
 url = {http://dx.doi.org/10.1137/080734467},
 doi = {https://doi.org/10.1137/080734467},
 acmid = {1958018},
 publisher = {Society for Industrial and Applied Mathematics},
 address = {Philadelphia, PA, USA},
 keywords = {ideal classes, maximal orders, number theory, quaternion algebras},
}


% incol due to presence of booktitle
@incollection{Hoare:1972:CIN:1243380.1243382,
 author = {Hoare, C. A. R.},
 title = {Chapter II: Notes on data structuring},
 booktitle = {Structured programming (incoll)},
 editor = {Dahl, O. J. and Dijkstra, E. W. and Hoare, C. A. R.},
 year = {1972},
 isbn = {0-12-200550-3},
 pages = {83--174},
 numpages = {92},
 url = {http://portal.acm.org/citation.cfm?id=1243380.1243382},
 acmid = {1243382},
 publisher = {Academic Press Ltd.},
 address = {London, UK, UK},
}

% incol due to presence of booktitle
@incollection{Lee:1978:TQA:800025.1198348,
 author = {Lee, Jan},
 title = {Transcript of question and answer session},
 booktitle = {History of programming languages I (incoll)},
 editor = {Wexelblat, Richard L.},
 year = {1981},
 isbn = {0-12-745040-8},
 pages = {68--71},
 numpages = {4},
 url = {http://doi.acm.org/10.1145/800025.1198348},
 doi = {http://doi.acm.org/10.1145/800025.1198348},
 acmid = {1198348},
 publisher = {ACM},
 address = {New York, NY, USA},
}

% incol due to booktitle
@incollection{Dijkstra:1979:GSC:1241515.1241518,
 author = {Dijkstra, E.},
 title = {Go to statement considered harmful},
 booktitle = {Classics in software engineering (incoll)},
 year = {1979},
 isbn = {0-917072-14-6},
 pages = {27--33},
 numpages = {7},
 url = {http://portal.acm.org/citation.cfm?id=1241515.1241518},
 acmid = {1241518},
 publisher = {Yourdon Press},
 address = {Upper Saddle River, NJ, USA},
}

% incol due to booktitle
@incollection{Wenzel:1992:TVA:146022.146089,
 author = {Wenzel, Elizabeth M.},
 title = {Three-dimensional virtual acoustic displays},
 booktitle = {Multimedia interface design (incoll)},
 year = {1992},
 isbn = {0-201-54981-6},
 pages = {257--288},
 numpages = {32},
 url = {http://portal.acm.org/citation.cfm?id=146022.146089},
 doi = {10.1145/146022.146089},
 acmid = {146089},
 publisher = {ACM},
 address = {New York, NY, USA},
}

% incol due to booktitle
@incollection{Mumford:1987:MES:54905.54911,
 author = {Mumford, E.},
 title = {Managerial expert systems and organizational change: some critical research issues},
 booktitle = {Critical issues in information systems research (incoll)},
 year = {1987},
 isbn = {0-471-91281-6},
 pages = {135--155},
 numpages = {21},
 url = {http://portal.acm.org/citation.cfm?id=54905.54911},
 acmid = {54911},
 publisher = {John Wiley \& Sons, Inc.},
 address = {New York, NY, USA},
}

@book{McCracken:1990:SSC:575315,
 author = {McCracken, Daniel D. and Golden, Donald G.},
 title = {Simplified Structured COBOL with Microsoft/MicroFocus COBOL},
 year = {1990},
 isbn = {0471514071},
 publisher = {John Wiley \& Sons, Inc.},
 address = {New York, NY, USA},
}

% Let's include Boris / BBeeton entries  (multi-volume works)

@book {MR781537,
    AUTHOR = {H{\"o}rmander, Lars},
     TITLE = {The analysis of linear partial differential operators. {III}},
    SERIES = {Grundlehren der Mathematischen Wissenschaften [Fundamental
              Principles of Mathematical Sciences]},
    VOLUME = {275},
      NOTE = {Pseudodifferential operators},
PUBLISHER = {Springer-Verlag},
   ADDRESS = {Berlin, Germany},
      YEAR = {1985},
     PAGES = {viii+525},
      ISBN = {3-540-13828-5},
   MRCLASS = {35-02 (35Sxx 47G05 58G15)},
  MRNUMBER = {781536 (87d:35002a)},
MRREVIEWER = {Min You Qi},
}

@book {MR781536,
    AUTHOR = {H{\"o}rmander, Lars},
     TITLE = {The analysis of linear partial differential operators. {IV}},
    SERIES = {Grundlehren der Mathematischen Wissenschaften [Fundamental
              Principles of Mathematical Sciences]},
    VOLUME = {275},
      NOTE = {Fourier integral operators},
PUBLISHER = {Springer-Verlag},
   ADDRESS = {Berlin, Germany},
      YEAR = {1985},
     PAGES = {vii+352},
      ISBN = {3-540-13829-3},
   MRCLASS = {35-02 (35Sxx 47G05 58G15)},
  MRNUMBER = {781537 (87d:35002b)},
MRREVIEWER = {Min You Qi},
}

%%%%%%%%%%%%%%%%%%%%%% Start of Aptara sample bib entries

% acmsmall-sam.bib
@InProceedings{Adya-01,
  author        = {A. Adya and P. Bahl and J. Padhye and A.Wolman and L. Zhou},
  title         = {A multi-radio unification protocol for {IEEE} 802.11 wireless networks},
  booktitle     = {Proceedings of the IEEE 1st International Conference on Broadnets Networks (BroadNets'04)},
  publisher     = "IEEE",
  address       = "Los Alamitos, CA",
  year          = {2004},
  pages         = "210--217"
}

@article{Akyildiz-01,
  author        = {I. F. Akyildiz and W. Su and Y. Sankarasubramaniam and E. Cayirci},
  title         = {Wireless Sensor Networks: A Survey},
  journal       = {Comm. ACM},
  volume        = 38,
  number        = "4",
  year          = {2002},
  pages         = "393--422"
}

@article{Akyildiz-02,
  author        = {I. F. Akyildiz and T. Melodia and K. R. Chowdhury},
  title         = {A Survey on Wireless Multimedia Sensor Networks},
  journal       = {Computer Netw.},
  volume        = 51,
  number        = "4",
  year          = {2007},
  pages         = "921--960"
}

@InProceedings{Bahl-02,
  author        = {P. Bahl and R. Chancre and J. Dungeon},
  title         = {{SSCH}: Slotted Seeded Channel Hopping for Capacity Improvement in {IEEE} 802.11 Ad-Hoc Wireless Networks},
  booktitle     = {Proceeding of the 10th International Conference on Mobile Computing and Networking (MobiCom'04)},
  publisher     = "ACM",
  address       = "New York, NY",
  year          = {2004},
  pages         = "112--117"
}

@misc{CROSSBOW,
  key       = {CROSSBOW},
  title     = {{XBOW} Sensor Motes Specifications},
  note      = {http://www.xbow.com},
  year      = 2008
}

@article{Culler-01,
  author        = {D. Culler and D. Estrin and M. Srivastava},
  title         = {Overview of Sensor Networks},
  journal       = {IEEE Comput.},
  volume        = 37,
  number        = "8 (Special Issue on Sensor Networks)",
  publisher     = "IEEE",
  address       = "Los Alamitos, CA",
  year          = {2004},
  pages         = "41--49"
}

@misc{Harvard-01,
    key         = {Harvard CodeBlue},
    title       = {{CodeBlue}: Sensor Networks for Medical Care},
    note        = {http://www.eecs.harvard.edu/mdw/ proj/codeblue/},
    year        = 2008
}

@InProceedings{Natarajan-01,
    author      = {A. Natarajan and M. Motani and B. de Silva and K. Yap and K. C. Chua},
    title       = {Investigating Network Architectures for Body Sensor Networks},
    booktitle   = {Network Architectures},
    editor      = {G. Whitcomb and P. Neece},
    publisher   = "Keleuven Press",
    address     = "Dayton, OH",
    year        = {2007},
    pages       = "322--328",
    eprint      = "960935712",
    primaryclass = "cs",
}

@inproceedings{clark-etal-2021-thats,
    title = "All That{'}s {`}Human{'} Is Not Gold: Evaluating Human Evaluation of Generated Text",
    author = "Clark, Elizabeth  and
      August, Tal  and
      Serrano, Sofia  and
      Haduong, Nikita  and
      Gururangan, Suchin  and
      Smith, Noah A.",
    booktitle = "Proceedings of the 59th Annual Meeting of the Association for Computational Linguistics and the 11th International Joint Conference on Natural Language Processing (Volume 1: Long Papers)",
    month = aug,
    year = "2021",
    address = "Online",
    publisher = "Association for Computational Linguistics",
    url = "https://aclanthology.org/2021.acl-long.565",
    doi = "10.18653/v1/2021.acl-long.565",
    pages = "7282--7296"}



@article{ouyang2022training,
  title={Training language models to follow instructions with human feedback},
  author={Ouyang, Long and Wu, Jeffrey and Jiang, Xu and Almeida, Diogo and Wainwright, Carroll and Mishkin, Pamela and Zhang, Chong and Agarwal, Sandhini and Slama, Katarina and Ray, Alex and others},
  journal={Advances in Neural Information Processing Systems},
  volume={35},
  pages={27730--27744},
  year={2022}
}

@article{veselovsky2023artificial,
  title={Artificial Artificial Artificial Intelligence: Crowd Workers Widely Use Large Language Models for Text Production Tasks},
  author={Veselovsky, Veniamin and Ribeiro, Manoel Horta and West, Robert},
  journal={arXiv preprint arXiv:2306.07899},
  year={2023}
}

@inproceedings{karpinska-etal-2021-perils,
    title = "The Perils of Using {M}echanical {T}urk to Evaluate Open-Ended Text Generation",
    author = "Karpinska, Marzena  and
      Akoury, Nader  and
      Iyyer, Mohit",
    booktitle = "Proceedings of the 2021 Conference on Empirical Methods in Natural Language Processing",
    month = nov,
    year = "2021",
    address = "Online and Punta Cana, Dominican Republic",
    publisher = "Association for Computational Linguistics",
    url = "https://aclanthology.org/2021.emnlp-main.97",
    doi = "10.18653/v1/2021.emnlp-main.97",
    pages = "1265--1285"}

@techreport{Tzamaloukas-01,
  author        = {A. Tzamaloukas and J. J. Garcia-Luna-Aceves},
  title         = {Channel-Hopping Multiple Access},
  number =        {I-CA2301},
  institution =   {Department of Computer Science, University of California},
  address =       {Berkeley, CA},
  year          = {2000}
}

@BOOK{Zhou-06,
  author        = {G. Zhou and J. Lu and C.-Y. Wan and M. D. Yarvis and J. A. Stankovic},
  title         = {Body Sensor Networks},
  publisher     = "MIT Press",
  address       = "Cambridge, MA",
  year          = {2008}
}

@mastersthesis{ko94,
author = "Jacob Kornerup",
title = "Mapping Powerlists onto Hypercubes",
school = "The University of Texas at Austin",
note = "(In preparation)",
year = "1994"}
%month = "dec",}

@PhdThesis{gerndt:89,
  author =       "Michael Gerndt",
  title =        "Automatic Parallelization for Distributed-Memory
                  Multiprocessing Systems",
  school =       "University of Bonn",
  year =         1989,
  address =      "Bonn, Germany",
  month =        dec
}

@article{viswanathan2023large,
  title={Large Language Models Enable Few-Shot Clustering},
  author={Viswanathan, Vijay and Gashteovski, Kiril and Lawrence, Carolin and Wu, Tongshuang and Neubig, Graham},
  journal={arXiv preprint arXiv:2307.00524},
  year={2023}
}

@article{kurtzberg2005feeling,
  title={Feeling creative, being creative: An empirical study of diversity and creativity in teams},
  author={Kurtzberg, Terri R},
  journal={Creativity Research Journal},
  volume={17},
  number={1},
  pages={51--65},
  year={2005},
  publisher={Taylor \& Francis}
}

@article{zhou2022large,
  title={Large language models are human-level prompt engineers},
  author={Zhou, Yongchao and Muresanu, Andrei Ioan and Han, Ziwen and Paster, Keiran and Pitis, Silviu and Chan, Harris and Ba, Jimmy},
  journal={arXiv preprint arXiv:2211.01910},
  year={2022}
}

@article{cropley2000defining,
  title={Defining and measuring creativity: Are creativity tests worth using?},
  author={Cropley, Arthur J},
  journal={Roeper review},
  volume={23},
  number={2},
  pages={72--79},
  year={2000},
  publisher={Taylor \& Francis}
}

@article{silvia2012assessing,
  title={Assessing creativity with self-report scales: A review and empirical evaluation.},
  author={Silvia, Paul J and Wigert, Benjamin and Reiter-Palmon, Roni and Kaufman, James C},
  journal={Psychology of Aesthetics, Creativity, and the Arts},
  volume={6},
  number={1},
  pages={19},
  year={2012},
  publisher={Educational Publishing Foundation}
}

@article{6:1:1,
author = "J. E. {Archer, Jr.} and R. Conway and F. B. Schneider",
title = "User recovery and reversal in interactive systems",
journal = "ACM Trans. Program. Lang. Syst.",
volume =  "6",
number = "1",
month = jan,
year = 1984,
pages = "1--19"}

@article{7:1:137,
author = "D. D. Dunlop and V. R. Basili",
title = "Generalizing specifications for uniformly implemented loops",
journal = "ACM Trans. Program. Lang. Syst.",
volume =  "7",
number = "1",
month = jan,
year = 1985,
pages = "137--158"}

@article{7:2:183,
author = "J. Heering and P. Klint",
title = "Towards monolingual programming environments",
journal = "ACM Trans. Program. Lang. Syst.",
volume =  "7",
number = "2",
month = apr,
year = 1985,
pages = "183--213"}

@book{knuth:texbook,
author = "Donald E. Knuth",
title = "The {\TeX{}book}",
publisher = "Addison-Wesley",
address = "Reading, MA.",
year = 1984}

@article{6:3:380,
author = "E. Korach and D.  Rotem and N. Santoro",
title = "Distributed algorithms for finding centers and medians in networks",
journal = "ACM Trans. Program. Lang. Syst.",
volume =  "6",
number = "3",
month = jul,
year = 1984,
pages = "380--401"}

@book{Lamport:LaTeX,
author = "Leslie Lamport",
title = "\it {\LaTeX}: A Document Preparation System",
publisher = "Addison-Wesley",
address = "Reading, MA.",
year = 1986}

@article{7:3:359,
author = "F. Nielson",
title = "Program transformations in a denotational setting",
journal = "ACM Trans. Program. Lang. Syst.",
volume =  "7",
number = "3",
month = jul,
year = 1985,
pages = "359--379"}

%testing
@BOOK{test,
   author = "Donald E. Knuth",
   title = "Seminumerical Algorithms",
   volume = 2,
   series = "The Art of Computer Programming",
   publisher = "Addison-Wesley",
   address = "Reading, MA",
   edition = "2nd",
   month = "10~" # jan,
   year = "1981",
}

@inproceedings{reid:scribe,
author = "Brian K. Reid",
title = "A high-level approach to computer document formatting",
booktitle = "Proceedings of the 7th Annual Symposium on Principles of
  Programming Languages",
month = jan,
year = 1980,
publisher = "ACM",
address = "New York",
pages = "24--31"}

@article{Zhou:2010:MMS:1721695.1721705,
 author = {Zhou, Gang and Wu, Yafeng and Yan, Ting and He, Tian and Huang, Chengdu and Stankovic, John A. and Abdelzaher, Tarek F.},
 title = {A multifrequency MAC specially designed for wireless sensor network applications},
 journal = {ACM Trans. Embed. Comput. Syst.},
 issue_date = {March 2010},
 volume = 9,
 number = 4,
 month = {April},
 year = 2010,
 issn = {1539-9087},
 pages = {39:1--39:41},
 articleno = 39,
 numpages = 41,
 url = {http://doi.acm.org/10.1145/1721695.1721705},
 doi = {10.1145/1721695.1721705},
 acmid = 1721705,
 publisher = {ACM},
 address = {New York, NY, USA},
 keywords = {Wireless sensor networks, media access control, multi-channel, radio interference, time synchronization},
}


@article{thomas2006general,
  title={A general inductive approach for analyzing qualitative evaluation data},
  author={Thomas, David R},
  journal={American journal of evaluation},
  volume={27},
  number={2},
  pages={237--246},
  year={2006},
  publisher={Sage Publications Sage CA: Thousand Oaks, CA}
}


@online{TUGInstmem,
  key =          {TUG},
  year  =        2017,
  title =        "Institutional members of the {\TeX} Users Group",
  url =          "http://wwtug.org/instmem.html",
  lastaccessed = "May 27, 2017",
}

@online{CTANacmart,
  author =    {Boris Veytsman},
  title =  {acmart---{C}lass for typesetting publications of {ACM}},
  year = 2017,
  url =    {http://www.ctan.org/pkg/acmart},
  lastaccessed = {May 27, 2017}
  }

@inproceedings{10.1145/3290605.3300619,
author = {Frich, Jonas and MacDonald Vermeulen, Lindsay and Remy, Christian and Biskjaer, Michael Mose and Dalsgaard, Peter},
title = {Mapping the Landscape of Creativity Support Tools in HCI},
year = {2019},
isbn = {9781450359702},
publisher = {Association for Computing Machinery},
address = {New York, NY, USA},
url = {https://doi.org/10.1145/3290605.3300619},
doi = {10.1145/3290605.3300619},
booktitle = {Proceedings of the 2019 CHI Conference on Human Factors in Computing Systems},
pages = {1–18},
numpages = {18},
keywords = {literature review, creativity support tools (csts), creativity, meta-analysis},
location = {Glasgow, Scotland Uk},
series = {CHI '19}
}





@article{doi:10.1177/001316447103100307,
author = {Michael S. Matell and Jacob Jacoby},
title ={Is There an Optimal Number of Alternatives for Likert Scale Items? Study I: Reliability and Validity},
journal = {Educational and Psychological Measurement},
volume = {31},
number = {3},
pages = {657-674},
year = {1971},
doi = {10.1177/001316447103100307},

URL = { 
        https://doi.org/10.1177/001316447103100307
    
},
eprint = { 
        https://doi.org/10.1177/001316447103100307
    
}

}

@ARTICLE{bowman:reasoning,
    author = {Bowman, Mic and Debray, Saumya K. and Peterson, Larry L.},
    title = {Reasoning About Naming Systems},
    journal = {ACM Trans. Program. Lang. Syst.},
    volume = {15},
    number = {5},
    pages = {795-825},
    month = {November},
    year = {1993},
    doi = {10.1145/161468.161471},
}

@ARTICLE{braams:babel,
    author = {Braams, Johannes},
    title = {Babel, a Multilingual Style-Option System for Use with LaTeX's Standard Document Styles},
    journal = {TUGboat},
    volume = {12},
    number = {2},
    pages = {291-301},
    month = {June},
    year = {1991},
}

@INPROCEEDINGS{clark:pct,
  AUTHOR = "Malcolm Clark",
  TITLE = "Post Congress Tristesse",
  BOOKTITLE = "TeX90 Conference Proceedings",
  PAGES = "84-89",
  ORGANIZATION = "TeX Users Group",
  MONTH = "March",
  YEAR = {1991}
}

@ARTICLE{herlihy:methodology,
    author = {Herlihy, Maurice},
    title = {A Methodology for Implementing Highly Concurrent Data Objects},
    journal = {ACM Trans. Program. Lang. Syst.},
    volume = {15},
    number = {5},
    pages = {745-770},
    month = {November},
    year = {1993},
    doi = {10.1145/161468.161469},
}

@BOOK{salas:calculus,
  AUTHOR = "S.L. Salas and Einar Hille",
  TITLE = "Calculus: One and Several Variable",
  PUBLISHER = "John Wiley and Sons",
  ADDRESS = "New York",
  YEAR = "1978"
}

@MANUAL{Fear05,
  title =        {Publication quality tables in {\LaTeX}},
  author =       {Simon Fear},
  month =        {April},
  year =         2005,
  note =         {\url{http://www.ctan.org/pkg/booktabs}}
}

@Manual{Amsthm15,
  title =        {Using the amsthm Package},
  organization = {American Mathematical Society},
  month =        {April},
  year =         2015,
  note =         {\url{http://www.ctan.org/pkg/amsthm}}
}

@ArtifactSoftware{R,
    title = {R: A Language and Environment for Statistical Computing},
    author = {{R Core Team}},
    organization = {R Foundation for Statistical Computing},
    address = {Vienna, Austria},
    year = {2019},
    url = {https://www.R-project.org/},
}

@ArtifactDataset{UMassCitations,
 author    =  {Sam Anzaroot and Andrew McCallum},
 title     =  {{UMass} Citation Field Extraction Dataset},
 year      = 2013,
 url       =
    {http://www.iesl.cs.umass.edu/data/data-umasscitationfield},
 lastaccessed = {May 27, 2019}
}

@Eprint{Bornmann2019,
       author = {Bornmann, Lutz and Wray, K. Brad and Haunschild,
                  Robin},
        title = {Citation concept analysis {(CCA)}---A new form of
                  citation analysis revealing the usefulness of
                  concepts for other researchers illustrated by two
                  exemplary case studies including classic books by
                  {Thomas S.~Kuhn} and {Karl R.~Popper}},
     keywords = {Computer Science - Digital Libraries},
         year = 2019,
        month = "May",
          eid = {arXiv:1905.12410},
archivePrefix = {arXiv},
       eprint = {1905.12410},
 primaryClass = {cs.DL},
}

@Eprint{AnzarootPBM14,
  author    = {Sam Anzaroot and
               Alexandre Passos and
               David Belanger and
               Andrew McCallum},
  title     = {Learning Soft Linear Constraints with Application to
                  Citation Field Extraction},
  year      = {2014},
  archivePrefix = {arXiv},
  eprint    = {1403.1349},
}

@inproceedings{Hagerup1993,
title        = {Maintaining Discrete Probability Distributions Optimally},
author       = {Hagerup, Torben and Mehlhorn, Kurt and Munro, J. Ian},
booktitle    = {Proceedings of the 20th International Colloquium on Automata, Languages and Programming},
series       = {Lecture Notes in Computer Science},
volume       = {700},
pages        = {253--264},
year         = {1993},
publisher    = {Springer-Verlag},
address      = {Berlin},
}


@inproceedings{10.1145/3461778.3462050,
author = {Chung, John Joon Young and He, Shiqing and Adar, Eytan},
title = {The Intersection of Users, Roles, Interactions, and Technologies in Creativity Support Tools},
year = {2021},
isbn = {9781450384766},
publisher = {Association for Computing Machinery},
address = {New York, NY, USA},
url = {https://doi.org/10.1145/3461778.3462050},
doi = {10.1145/3461778.3462050},
booktitle = {Proceedings of the 2021 ACM Designing Interactive Systems Conference},
pages = {1817–1833},
numpages = {17},
keywords = {creativity support tools, art-making, literature review},
location = {Virtual Event, USA},
series = {DIS '21}
}

@article{madaan2023self,
  title={Self-refine: Iterative refinement with self-feedback},
  author={Madaan, Aman and Tandon, Niket and Gupta, Prakhar and Hallinan, Skyler and Gao, Luyu and Wiegreffe, Sarah and Alon, Uri and Dziri, Nouha and Prabhumoye, Shrimai and Yang, Yiming and others},
  journal={arXiv preprint arXiv:2303.17651},
  year={2023}
}

@article{liu2023gpteval,
  title={Gpteval: Nlg evaluation using gpt-4 with better human alignment},
  author={Liu, Yang and Iter, Dan and Xu, Yichong and Wang, Shuohang and Xu, Ruochen and Zhu, Chenguang},
  journal={arXiv preprint arXiv:2303.16634},
  year={2023}
}

@article{gao2023human,
  title={Human-like summarization evaluation with chatgpt},
  author={Gao, Mingqi and Ruan, Jie and Sun, Renliang and Yin, Xunjian and Yang, Shiping and Wan, Xiaojun},
  journal={arXiv preprint arXiv:2304.02554},
  year={2023}
}

@article{rodriguez2008problem,
  title={The ‘problem’of creative writing: using grading rubrics based on narrative theory as solution},
  author={Rodr{\'\i}guez, Alicia},
  journal={New Writing},
  volume={5},
  number={3},
  pages={167--177},
  year={2008},
  publisher={Taylor \& Francis}
}

@article{biggs1982psychological,
  title={The psychological structure of creative writing},
  author={Biggs, John B and Collis, Kevin F},
  journal={Australian Journal of Education},
  volume={26},
  number={1},
  pages={59--70},
  year={1982},
  publisher={SAGE Publications Sage UK: London, England}
}

@article{mozaffari2013analytical,
  title={An Analytical Rubric for Assessing Creativity in Creative Writing.},
  author={Mozaffari, Hamideh},
  journal={Theory \& Practice in Language Studies},
  volume={3},
  number={12},
  year={2013}
}


@inproceedings{ippolito-etal-2020-automatic,
    title = "Automatic Detection of Generated Text is Easiest when Humans are Fooled",
    author = "Ippolito, Daphne  and
      Duckworth, Daniel  and
      Callison-Burch, Chris  and
      Eck, Douglas",
    booktitle = "Proceedings of the 58th Annual Meeting of the Association for Computational Linguistics",
    month = jul,
    year = "2020",
    address = "Online",
    publisher = "Association for Computational Linguistics",
    url = "https://aclanthology.org/2020.acl-main.164",
    doi = "10.18653/v1/2020.acl-main.164",
    pages = "1808--1822"}

@inproceedings{garbacea-etal-2019-judge,
    title = "Judge the Judges: A Large-Scale Evaluation Study of Neural Language Models for Online Review Generation",
    author = "Garbacea, Cristina  and
      Carton, Samuel  and
      Yan, Shiyan  and
      Mei, Qiaozhu",
    booktitle = "Proceedings of the 2019 Conference on Empirical Methods in Natural Language Processing and the 9th International Joint Conference on Natural Language Processing (EMNLP-IJCNLP)",
    month = nov,
    year = "2019",
    address = "Hong Kong, China",
    publisher = "Association for Computational Linguistics",
    url = "https://aclanthology.org/D19-1409",
    doi = "10.18653/v1/D19-1409",
    pages = "3968--3981"}

@inproceedings{mori-etal-2019-toward,
    title = "Toward a Better Story End: Collecting Human Evaluation with Reasons",
    author = "Mori, Yusuke  and
      Yamane, Hiroaki  and
      Mukuta, Yusuke  and
      Harada, Tatsuya",
    booktitle = "Proceedings of the 12th International Conference on Natural Language Generation",
    month = oct # "{--}" # nov,
    year = "2019",
    address = "Tokyo, Japan",
    publisher = "Association for Computational Linguistics",
    url = "https://aclanthology.org/W19-8646",
    doi = "10.18653/v1/W19-8646",
    pages = "383--390"}

@article{ippolito2022creative,
  title={Creative writing with an ai-powered writing assistant: Perspectives from professional writers},
  author={Ippolito, Daphne and Yuan, Ann and Coenen, Andy and Burnam, Sehmon},
  journal={arXiv preprint arXiv:2211.05030},
  year={2022}
}


@article{mcintyre2003individual,
  title={Individual characteristics and creativity in the marketing classroom: Exploratory insights},
  author={McIntyre, Faye S and Hite, Robert E and Rickard, Mary Kay},
  journal={Journal of Marketing Education},
  volume={25},
  number={2},
  pages={143--149},
  year={2003},
  publisher={Sage Publications}
}

@inproceedings{trisnayanti2019development,
  title={Development of Torrance test creativity thinking (TTCT) instrument in science learning},
  author={Trisnayanti, Y and Khoiri, A and Miterianifa, Miterianifa and Ayu, HD},
  booktitle={AIP Conference Proceedings},
  volume={2194},
  number={1},
  year={2019},
  organization={AIP Publishing}
}

@article{amabile1982social,
  title={Social psychology of creativity: A consensual assessment technique.},
  author={Amabile, Teresa M},
  journal={Journal of personality and social psychology},
  volume={43},
  number={5},
  pages={997},
  year={1982},
  publisher={American Psychological Association}
}

@book{weigle2002assessing,
  title={Assessing writing},
  author={Weigle, Sara Cushing},
  year={2002},
  publisher={Cambridge University Press}
}

@incollection{baer2009assessing,
  title={Assessing creativity using the consensual assessment technique},
  author={Baer, John and McKool, Sharon S},
  booktitle={Handbook of research on assessment technologies, methods, and applications in higher education},
  pages={65--77},
  year={2009},
  publisher={IGI Global}
}

@article{vaezi2019development,
  title={Development of a rubric for evaluating creative writing: a multi-phase research},
  author={Vaezi, Maryam and Rezaei, Saeed},
  journal={New Writing},
  volume={16},
  number={3},
  pages={303--317},
  year={2019},
  publisher={Taylor \& Francis}
}

@article{yannakakis2015ratings,
  title={Ratings are overrated!},
  author={Yannakakis, Georgios N and Mart{\'\i}nez, H{\'e}ctor P},
  journal={Frontiers in ICT},
  volume={2},
  pages={13},
  year={2015},
  publisher={Frontiers Media SA}
}

@article{beaty2021automating,
  title={Automating creativity assessment with SemDis: An open platform for computing semantic distance},
  author={Beaty, Roger E and Johnson, Dan R},
  journal={Behavior research methods},
  volume={53},
  number={2},
  pages={757--780},
  year={2021},
  publisher={Springer}
}

@article{plucker2010assessment,
  title={Assessment of creativity},
  author={Plucker, Jonathan A and Makel, Matthew C and Qian, Meihua},
  journal={The Cambridge handbook of creativity},
  pages={48--73},
  year={2010}
}

@article{silvia2008assessing,
  title={Assessing creativity with divergent thinking tasks: exploring the reliability and validity of new subjective scoring methods.},
  author={Silvia, Paul J and Winterstein, Beate P and Willse, John T and Barona, Christopher M and Cram, Joshua T and Hess, Karl I and Martinez, Jenna L and Richard, Crystal A},
  journal={Psychology of Aesthetics, Creativity, and the Arts},
  volume={2},
  number={2},
  pages={68},
  year={2008},
  publisher={Educational Publishing Foundation}
}

@book{kaufman2008essentials,
  title={Essentials of creativity assessment},
  author={Kaufman, James C and Plucker, Jonathan A and Baer, John},
  year={2008},
  publisher={John Wiley \& Sons}
}

@book{baer2014creativity,
  title={Creativity and divergent thinking: A task-specific approach},
  author={Baer, John},
  year={2014},
  publisher={Psychology Press}
}

@inproceedings{jordanous2009evaluating,
  title={Evaluating machine creativity},
  author={Jordanous, Anna K},
  booktitle={Proceedings of the seventh ACM conference on creativity and cognition},
  pages={331--332},
  year={2009}
}

@inproceedings{10.1145/3544549.3585657,
author = {Inie, Nanna and Falk, Jeanette and Tanimoto, Steve},
title = {Designing Participatory AI: Creative Professionals’ Worries and Expectations about Generative AI},
year = {2023},
isbn = {9781450394222},
publisher = {Association for Computing Machinery},
address = {New York, NY, USA},
url = {https://doi.org/10.1145/3544549.3585657},
doi = {10.1145/3544549.3585657},
booktitle = {Extended Abstracts of the 2023 CHI Conference on Human Factors in Computing Systems},
articleno = {82},
numpages = {8},
keywords = {creativity support, participatory design, generative AI, creative professionals, participatory AI},
location = {Hamburg, Germany},
series = {CHI EA '23}
}

@book{elbow1998writing,
  title={Writing without teachers},
  author={Elbow, Peter},
  year={1998},
  publisher={Oxford University Press, USA}
}

@book{mayers2007re,
  title={(Re) Writing craft: composition, creative writing, and the future of English studies},
  author={Mayers, Tim},
  year={2007},
  publisher={University of Pittsburgh Pre}
}

@article{bizzaro2004research,
  title={Research and reflection in English studies: The special case of creative writing},
  author={Bizzaro, Patrick},
  journal={College English},
  volume={66},
  number={3},
  pages={294--309},
  year={2004},
  publisher={JSTOR}
}

@book{murray2012craft,
  title={The craft of revision},
  author={Murray, Donald M},
  year={2012},
  publisher={Cengage Learning}
}

@book{vanderslice2011teaching,
  title={Teaching Creative Writing to Undergraduates: A Practical Guide and Sourcebook},
  author={Vanderslice, Stephanie and Ritter, Kelly},
  year={2011},
  publisher={Fountainhead Press}
}

@book{roam2013back,
  title={The back of the napkin (expanded edition): Solving problems and selling ideas with pictures},
  author={Roam, Dan},
  year={2013},
  publisher={Portfolio}
}

@book{sawyer2011explaining,
  title={Explaining creativity: The science of human innovation},
  author={Sawyer, R Keith},
  year={2011},
  publisher={Oxford university press}
}

@inproceedings{ethayarajh-jurafsky-2022-authenticity,
    title = "The Authenticity Gap in Human Evaluation",
    author = "Ethayarajh, Kawin  and
      Jurafsky, Dan",
    booktitle = "Proceedings of the 2022 Conference on Empirical Methods in Natural Language Processing",
    month = dec,
    year = "2022",
    address = "Abu Dhabi, United Arab Emirates",
    publisher = "Association for Computational Linguistics",
    url = "https://aclanthology.org/2022.emnlp-main.406",
    pages = "6056--6070"}


@article{bishop2015use,
  title={Use and misuse of the Likert item responses and other ordinal measures},
  author={Bishop, Phillip A and Herron, Robert L},
  journal={International journal of exercise science},
  volume={8},
  number={3},
  pages={297},
  year={2015},
  publisher={Western Kentucky University}
}

@article{landis1977measurement,
  title={The measurement of observer agreement for categorical data},
  author={Landis, J Richard and Koch, Gary G},
  journal={biometrics},
  pages={159--174},
  year={1977},
  publisher={JSTOR}
}

@article{rajani2023llm_labels,
  author = {Rajani, Nazneen and Lambert, Nathan and Han, Sheon and Wang, Jean and Nitski, Osvald and Beeching, Edward and Tunstall, Lewis},
  title = {Can foundation models label data like humans?},
  journal = {Hugging Face Blog},
  year = {2023},
  note = {https://huggingface.co/blog/llm-leaderboard}
}

@article{theoryauto,
  author = {Wu,Gabriel},
  title = {Theoretical Limitations of Autoregressive Models},
  year = {2023},
  note = {https://gabrieldwu.github.io/limitations-autoregressive},
}

@article{willig2023causal,
  title={Causal Parrots: Large Language Models May Talk Causality But Are Not Causal},
  author={Willig, Moritz and ZE{\v{C}}EVI{\'C}, MATEJ and Dhami, Devendra Singh and Kersting, Kristian}
}

@article{stiennon2020learning,
  title={Learning to summarize with human feedback},
  author={Stiennon, Nisan and Ouyang, Long and Wu, Jeffrey and Ziegler, Daniel and Lowe, Ryan and Voss, Chelsea and Radford, Alec and Amodei, Dario and Christiano, Paul F},
  journal={Advances in Neural Information Processing Systems},
  volume={33},
  pages={3008--3021},
  year={2020}
}

@article{laban2023llms,
  title={LLMs as Factual Reasoners: Insights from Existing Benchmarks and Beyond},
  author={Laban, Philippe and Kry{\'s}ci{\'n}ski, Wojciech and Agarwal, Divyansh and Fabbri, Alexander R and Xiong, Caiming and Joty, Shafiq and Wu, Chien-Sheng},
  journal={arXiv preprint arXiv:2305.14540},
  year={2023}
}

@article{chen2023next,
  title={Next steps for human-centered generative AI: A technical perspective},
  author={Chen, Xiang'Anthony' and Burke, Jeff and Du, Ruofei and Hong, Matthew K and Jacobs, Jennifer and Laban, Philippe and Li, Dingzeyu and Peng, Nanyun and Willis, Karl DD and Wu, Chien-Sheng and others},
  journal={arXiv preprint arXiv:2306.15774},
  year={2023}
}


@inproceedings{bernstein2010soylent,
  title={Soylent: a word processor with a crowd inside},
  author={Bernstein, Michael S and Little, Greg and Miller, Robert C and Hartmann, Bj{\"o}rn and Ackerman, Mark S and Karger, David R and Crowell, David and Panovich, Katrina},
  booktitle={Proceedings of the 23nd annual ACM symposium on User interface software and technology},
  pages={313--322},
  year={2010}
}

@inproceedings{nebeling2016wearwrite,
  title={WearWrite: Crowd-assisted writing from smartwatches},
  author={Nebeling, Michael and To, Alexandra and Guo, Anhong and de Freitas, Adrian A and Teevan, Jaime and Dow, Steven P and Bigham, Jeffrey P},
  booktitle={Proceedings of the 2016 CHI conference on human factors in computing systems},
  pages={3834--3846},
  year={2016}
}

@inproceedings{kittur2013future,
  title={The future of crowd work},
  author={Kittur, Aniket and Nickerson, Jeffrey V and Bernstein, Michael and Gerber, Elizabeth and Shaw, Aaron and Zimmerman, John and Lease, Matt and Horton, John},
  booktitle={Proceedings of the 2013 conference on Computer supported cooperative work},
  pages={1301--1318},
  year={2013}
}

@inproceedings{roemmele2018automated,
  title={Automated assistance for creative writing with an rnn language model},
  author={Roemmele, Melissa and Gordon, Andrew S},
  booktitle={Proceedings of the 23rd international conference on intelligent user interfaces companion},
  pages={1--2},
  year={2018}
}
