@article{mcgrath2021acquisition,
  title={Acquisition of Chess Knowledge in AlphaZero},
  author={McGrath, Thomas and Kapishnikov, Andrei and Toma{\v{s}}ev, Nenad and Pearce, Adam and Hassabis, Demis and Kim, Been and Paquet, Ulrich and Kramnik, Vladimir},
  journal={arXiv preprint arXiv:2111.09259},
  year={2021}
}

@article{vasic2019moet,
  title={Mo{\"e}t: Interpretable and verifiable reinforcement learning via mixture of expert trees},
  author={Vasic, Marko and Petrovic, Andrija and Wang, Kaiyuan and Nikolic, Mladen and Singh, Rishabh and Khurshid, Sarfraz},
  year={2019},
  journal={Open Review}
}

@article{roth2019conservative,
  title={Conservative q-improvement: Reinforcement learning for an interpretable decision-tree policy},
  author={Roth, Aaron M and Topin, Nicholay and Jamshidi, Pooyan and Veloso, Manuela},
  journal={arXiv preprint arXiv:1907.01180},
  year={2019}
}

@inproceedings{wang2016dueling,
  title={Dueling network architectures for deep reinforcement learning},
  author={Wang, Ziyu and Schaul, Tom and Hessel, Matteo and Hasselt, Hado and Lanctot, Marc and Freitas, Nando},
  booktitle={International conference on machine learning},
  pages={1995--2003},
  year={2016},
  organization={PMLR}
}

@inproceedings{zahavy2016graying,
  title={Graying the black box: Understanding dqns},
  author={Zahavy, Tom and Ben-Zrihem, Nir and Mannor, Shie},
  booktitle={International conference on machine learning},
  pages={1899--1908},
  year={2016},
  organization={PMLR}
}

@article{alharin2020reinforcement,
  title={Reinforcement learning interpretation methods: A survey},
  author={Alharin, Alnour and Doan, Thanh-Nam and Sartipi, Mina},
  journal={IEEE Access},
  volume={8},
  pages={171058--171077},
  year={2020},
  publisher={IEEE}
}

@article{bastani2018verifiable,
  title={Verifiable reinforcement learning via policy extraction},
  author={Bastani, Osbert and Pu, Yewen and Solar-Lezama, Armando},
  journal={Advances in neural information processing systems},
  volume={31},
  year={2018}
}

@article{madumal2020distal,
  title={Distal explanations for explainable reinforcement learning agents},
  author={Madumal, Prashan and Miller, Tim and Sonenberg, Liz and Vetere, Frank},
  journal={arXiv preprint arXiv:2001.10284},
  year={2020}
}

@inproceedings{coppens2019distilling,
  title={Distilling deep reinforcement learning policies in soft decision trees},
  author={Coppens, Youri and Efthymiadis, Kyriakos and Lenaerts, Tom and Now{\'e}, Ann and Miller, Tim and Weber, Rosina and Magazzeni, Daniele},
  booktitle={Proceedings of the IJCAI 2019 workshop on explainable artificial intelligence},
  pages={1--6},
  year={2019}
}

@inproceedings{liu2019toward,
  title={Toward interpretable deep reinforcement learning with linear model u-trees},
  author={Liu, Guiliang and Schulte, Oliver and Zhu, Wang and Li, Qingcan},
  booktitle={Machine Learning and Knowledge Discovery in Databases: European Conference, ECML PKDD 2018, Dublin, Ireland, September 10--14, 2018, Proceedings, Part II 18},
  pages={414--429},
  year={2019},
  organization={Springer}
}

@misc{zahavy2023diversifying,
      title={Diversifying AI: Towards Creative Chess with AlphaZero}, 
      author={Tom Zahavy and Vivek Veeriah and Shaobo Hou and Kevin Waugh and Matthew Lai and Edouard Leurent and Nenad Tomasev and Lisa Schut and Demis Hassabis and Satinder Singh},
      year={2023},
      eprint={2308.09175},
      archivePrefix={arXiv},
      primaryClass={cs.AI}
}

@inproceedings{palssonunveiling,
  title={Unveiling Concepts Learned by a World-Class Chess-Playing Agent},
  author={P{\'a}lsson, A{\dh}alsteinn and Bj{\"o}rnsson, Yngvi},
  booktitle={International Joint Conference on Artificial Intelligence},
  year={2023}
}

@article{mcgrath2022acquisition,
  title={Acquisition of chess knowledge in alphazero},
  author={McGrath, Thomas and Kapishnikov, Andrei and Toma{\v{s}}ev, Nenad and Pearce, Adam and Wattenberg, Martin and Hassabis, Demis and Kim, Been and Paquet, Ulrich and Kramnik, Vladimir},
  journal={Proceedings of the National Academy of Sciences},
  volume={119},
  number={47},
  pages={e2206625119},
  year={2022},
  publisher={National Acad Sciences}
}

@misc{bhalla2023verifiable,
      title={Verifiable Feature Attributions: A Bridge between Post Hoc Explainability and Inherent Interpretability}, 
      author={Usha Bhalla and Suraj Srinivas and Himabindu Lakkaraju},
      year={2023},
      eprint={2307.15007},
      archivePrefix={arXiv},
      primaryClass={cs.LG}
}

@misc{deshmukh2023counterfactual,
      title={Counterfactual Explanation Policies in RL}, 
      author={Shripad V. Deshmukh and Srivatsan R and Supriti Vijay and Jayakumar Subramanian and Chirag Agarwal},
      year={2023},
      eprint={2307.13192},
      archivePrefix={arXiv},
      primaryClass={cs.AI}
}

@inproceedings{kornblith2019similarity,
  title={Similarity of neural network representations revisited},
  author={Kornblith, Simon and Norouzi, Mohammad and Lee, Honglak and Hinton, Geoffrey},
  booktitle={International Conference on Machine Learning},
  pages={3519--3529},
  year={2019},
  organization={PMLR}
}

@inproceedings{koh2017understanding,
  title={Understanding black-box predictions via influence functions},
  author={Koh, Pang Wei and Liang, Percy},
  booktitle={International conference on machine learning},
  pages={1885--1894},
  year={2017},
  organization={PMLR}
}

@article{pruthi2020estimating,
  title={Estimating training data influence by tracing gradient descent},
  author={Pruthi, Garima and Liu, Frederick and Kale, Satyen and Sundararajan, Mukund},
  journal={Advances in Neural Information Processing Systems},
  volume={33},
  pages={19920--19930},
  year={2020}
}

@article{gemp2020eigengame,
  title={Eigengame: PCA as a nash equilibrium},
  author={Gemp, Ian and McWilliams, Brian and Vernade, Claire and Graepel, Thore},
  journal={arXiv preprint arXiv:2010.00554},
  year={2020}
}

@article{goodfellow2014explaining,
  title={Explaining and harnessing adversarial examples},
  author={Goodfellow, Ian J and Shlens, Jonathon and Szegedy, Christian},
  journal={arXiv preprint arXiv:1412.6572},
  year={2014}
}

@article{szegedy2013intriguing,
  title={Intriguing properties of neural networks},
  author={Szegedy, Christian and Zaremba, Wojciech and Sutskever, Ilya and Bruna, Joan and Erhan, Dumitru and Goodfellow, Ian and Fergus, Rob},
  journal={arXiv preprint arXiv:1312.6199},
  year={2013}
}

@article{wachter2017counterfactual,
  title={Counterfactual explanations without opening the black box: Automated decisions and the GDPR},
  author={Wachter, Sandra and Mittelstadt, Brent and Russell, Chris},
  journal={Harv. JL \& Tech.},
  volume={31},
  pages={841},
  year={2017},
  publisher={HeinOnline}
}


@inproceedings{videau2022multi,
  title={Multi-objective Genetic Programming for Explainable Reinforcement Learning},
  author={Videau, Mathurin and Leite, Alessandro and Teytaud, Olivier and Schoenauer, Marc},
  booktitle={European Conference on Genetic Programming (Part of EvoStar)},
  pages={278--293},
  year={2022},
  organization={Springer}
}

@article{milani2022survey,
  title={A survey of explainable reinforcement learning},
  author={Milani, Stephanie and Topin, Nicholay and Veloso, Manuela and Fang, Fei},
  journal={arXiv preprint arXiv:2202.08434},
  year={2022}
}

@article{gonzalez2022alphazero,
  title={AlphaZero Ideas},
  author={Gonz{\'a}lez-D{\'\i}az, Julio and Palacios-Huerta, Ignacio},
  journal={Available at SSRN 4140916},
  year={2022}
}

@misc{bai2022concept,
      title={Concept Gradient: Concept-based Interpretation Without Linear Assumption}, 
      author={Andrew Bai and Chih-Kuan Yeh and Pradeep Ravikumar and Neil Y. C. Lin and Cho-Jui Hsieh},
      year={2022},
      eprint={2208.14966},
      archivePrefix={arXiv},
      primaryClass={cs.LG}
}

@inproceedings{wu2023causal,
  title={Causal Proxy Models for concept-based model explanations},
  author={Wu, Zhengxuan and Dâ€™Oosterlinck, Karel and Geiger, Atticus and Zur, Amir and Potts, Christopher},
  booktitle={International Conference on Machine Learning},
  pages={37313--37334},
  year={2023},
  organization={PMLR}
}

@inproceedings{NEURIPS2022_11a7f429,
 author = {Crabb\'{e}, Jonathan and van der Schaar, Mihaela},
 booktitle = {Advances in Neural Information Processing Systems},
 editor = {S. Koyejo and S. Mohamed and A. Agarwal and D. Belgrave and K. Cho and A. Oh},
 pages = {2590--2607},
 publisher = {Curran Associates, Inc.},
 title = {Concept Activation Regions: A Generalized Framework For Concept-Based Explanations},
 url = {https://proceedings.neurips.cc/paper_files/paper/2022/file/11a7f429d75f9f8c6e9c630aeb6524b5-Paper-Conference.pdf},
 volume = {35},
 year = {2022}
}


@InProceedings{Ramaswamy_2023_CVPR,
    author    = {Ramaswamy, Vikram V. and Kim, Sunnie S. Y. and Fong, Ruth and Russakovsky, Olga},
    title     = {Overlooked Factors in Concept-Based Explanations: Dataset Choice, Concept Learnability, and Human Capability},
    booktitle = {Proceedings of the IEEE/CVF Conference on Computer Vision and Pattern Recognition (CVPR)},
    month     = {June},
    year      = {2023},
    pages     = {10932-10941}
}

@misc{achtibat2022where,
      title={From "Where" to "What": Towards Human-Understandable Explanations through Concept Relevance Propagation}, 
      author={Reduan Achtibat and Maximilian Dreyer and Ilona Eisenbraun and Sebastian Bosse and Thomas Wiegand and Wojciech Samek and Sebastian Lapuschkin},
      year={2022},
      eprint={2206.03208},
      archivePrefix={arXiv},
      primaryClass={cs.LG}
}

@misc{gajcin2022reccover,
      title={ReCCoVER: Detecting Causal Confusion for Explainable Reinforcement Learning}, 
      author={Jasmina Gajcin and Ivana Dusparic},
      year={2022},
      eprint={2203.11211},
      archivePrefix={arXiv},
      primaryClass={cs.LG}
}

@misc{finkelstein2022explainable,
      title={Explainable Reinforcement Learning via Model Transforms}, 
      author={Mira Finkelstein and Lucy Liu and Nitsan Levy Schlot and Yoav Kolumbus and David C. Parkes and Jeffrey S. Rosenshein and Sarah Keren},
      year={2022},
      eprint={2209.12006},
      archivePrefix={arXiv},
      primaryClass={cs.AI}
}

@article{vouros2022explainable,
  title={Explainable deep reinforcement learning: state of the art and challenges},
  author={Vouros, George A},
  journal={ACM Computing Surveys},
  volume={55},
  number={5},
  pages={1--39},
  year={2022},
  publisher={ACM New York, NY}
}

@article{dempster1972covariance,
  title={Covariance selection},
  author={Dempster, Arthur P},
  journal={Biometrics},
  pages={157--175},
  year={1972},
  publisher={JSTOR}
}

@misc{lan2022alphazerolike,
      title={Are AlphaZero-like Agents Robust to Adversarial Perturbations?}, 
      author={Li-Cheng Lan and Huan Zhang and Ti-Rong Wu and Meng-Yu Tsai and I-Chen Wu and Cho-Jui Hsieh},
      year={2022},
      eprint={2211.03769},
      archivePrefix={arXiv},
      primaryClass={cs.AI}
}

@article{heuillet2021explainability,
  title={Explainability in deep reinforcement learning},
  author={Heuillet, Alexandre and Couthouis, Fabien and D{\'\i}az-Rodr{\'\i}guez, Natalia},
  journal={Knowledge-Based Systems},
  volume={214},
  pages={106685},
  year={2021},
  publisher={Elsevier}
}

@article{rudin2022interpretable,
  title={Interpretable machine learning: Fundamental principles and 10 grand challenges},
  author={Rudin, Cynthia and Chen, Chaofan and Chen, Zhi and Huang, Haiyang and Semenova, Lesia and Zhong, Chudi},
  journal={Statistics Surveys},
  volume={16},
  pages={1--85},
  year={2022},
  publisher={Amer. Statist. Assoc., the Bernoulli Soc., the Inst. Math. Statist., and the~â€¦}
}

@article{abel2022theory,
  title={A theory of abstraction in reinforcement learning},
  author={Abel, David},
  journal={arXiv preprint arXiv:2203.00397},
  year={2022}
}

@article{yeh2020completeness,
  title={On completeness-aware concept-based explanations in deep neural networks},
  author={Yeh, Chih-Kuan and Kim, Been and Arik, Sercan and Li, Chun-Liang and Pfister, Tomas and Ravikumar, Pradeep},
  journal={Advances in Neural Information Processing Systems},
  volume={33},
  pages={20554--20565},
  year={2020}
}

@article{ghandeharioun2021dissect,
  title={Dissect: Disentangled simultaneous explanations via concept traversals},
  author={Ghandeharioun, Asma and Kim, Been and Li, Chun-Liang and Jou, Brendan and Eoff, Brian and Picard, Rosalind W},
  journal={arXiv preprint arXiv:2105.15164},
  year={2021}
}

@article{ergen2020convex,
  title={Convex duality of deep neural networks},
  author={Ergen, Tolga and Pilanci, Mert},
  journal={arXiv preprint arXiv:2002.09773},
  volume={22},
  year={2020}
}

@article{wang2021parallel,
  title={Parallel deep neural networks have zero duality gap},
  author={Wang, Yifei and Ergen, Tolga and Pilanci, Mert},
  journal={arXiv preprint arXiv:2110.06482},
  year={2021}
}

@article{lipton2018mythos,
  title={The mythos of model interpretability: In machine learning, the concept of interpretability is both important and slippery.},
  author={Lipton, Zachary C},
  journal={Queue},
  volume={16},
  number={3},
  pages={31--57},
  year={2018},
  publisher={ACM New York, NY, USA}
}

@article{jaeger2014conceptors,
  title={Conceptors: an easy introduction},
  author={Jaeger, Herbert},
  journal={arXiv preprint arXiv:1406.2671},
  year={2014}
}

@article{silver2017mastering,
  title={Mastering chess and shogi by self-play with a general reinforcement learning algorithm},
  author={Silver, David and Hubert, Thomas and Schrittwieser, Julian and Antonoglou, Ioannis and Lai, Matthew and Guez, Arthur and Lanctot, Marc and Sifre, Laurent and Kumaran, Dharshan and Graepel, Thore and others},
  journal={arXiv preprint arXiv:1712.01815},
  year={2017}
}

@inproceedings{hewitt2019structural,
  title={A structural probe for finding syntax in word representations},
  author={Hewitt, John and Manning, Christopher D},
  booktitle={Proceedings of the 2019 Conference of the North American Chapter of the Association for Computational Linguistics: Human Language Technologies, Volume 1 (Long and Short Papers)},
  pages={4129--4138},
  year={2019}
}

@article{danaher2014joint,
  title={The joint graphical lasso for inverse covariance estimation across multiple classes},
  author={Danaher, Patrick and Wang, Pei and Witten, Daniela M},
  journal={Journal of the Royal Statistical Society. Series B, Statistical methodology},
  volume={76},
  number={2},
  pages={373},
  year={2014},
  publisher={NIH Public Access}
}

@article{rothman2008sparse,
  title={Sparse permutation invariant covariance estimation},
  author={Rothman, Adam J and Bickel, Peter J and Levina, Elizaveta and Zhu, Ji},
  year={2008}
}

@article{tibshirani1996regression,
  title={Regression shrinkage and selection via the lasso},
  author={Tibshirani, Robert},
  journal={Journal of the Royal Statistical Society: Series B (Methodological)},
  volume={58},
  number={1},
  pages={267--288},
  year={1996},
  publisher={Wiley Online Library}
}

@article{yuan2007model,
  title={Model selection and estimation in the Gaussian graphical model},
  author={Yuan, Ming and Lin, Yi},
  journal={Biometrika},
  volume={94},
  number={1},
  pages={19--35},
  year={2007},
  publisher={Oxford University Press}
}

@article{friedman2008sparse,
  title={Sparse inverse covariance estimation with the graphical lasso},
  author={Friedman, Jerome and Hastie, Trevor and Tibshirani, Robert},
  journal={Biostatistics},
  volume={9},
  number={3},
  pages={432--441},
  year={2008},
  publisher={Oxford University Press}
}

@article{ding2008convex,
  title={Convex and semi-nonnegative matrix factorizations},
  author={Ding, Chris HQ and Li, Tao and Jordan, Michael I},
  journal={IEEE transactions on pattern analysis and machine intelligence},
  volume={32},
  number={1},
  pages={45--55},
  year={2008},
  publisher={IEEE}
}

@article{robinson1974fitting,
  title={Fitting Equations to Data: Computer Analysis of Multifactor Data for Scientists and Engineers},
  author={Robinson, Patrick J},
  journal={JMR, Journal of Marketing Research (pre-1986)},
  volume={11},
  number={000003},
  pages={346},
  year={1974},
  publisher={SAGE PUBLICATIONS, INC.}
}

@article{yu2023explainable,
  title={Explainable Reinforcement Learning via a Causal World Model},
  author={Yu, Zhongwei and Ruan, Jingqing and Xing, Dengpeng},
  journal={arXiv preprint arXiv:2305.02749},
  year={2023}
}

@article{hazra2023deep,
  title={Deep Explainable Relational Reinforcement Learning: A Neuro-Symbolic Approach},
  author={Hazra, Rishi and De Raedt, Luc},
  journal={arXiv preprint arXiv:2304.08349},
  year={2023}
}

@article{snee1973some,
  title={Some aspects of nonorthogonal data analysis: Part I. Developing prediction equations},
  author={Snee, Ronald D},
  journal={Journal of Quality Technology},
  volume={5},
  number={2},
  pages={67--79},
  year={1973},
  publisher={Taylor \& Francis}
}

@article{peng2022inherently,
  title={Inherently explainable reinforcement learning in natural language},
  author={Peng, Xiangyu and Riedl, Mark and Ammanabrolu, Prithviraj},
  journal={Advances in Neural Information Processing Systems},
  volume={35},
  pages={16178--16190},
  year={2022}
}

@article{snee1984comment,
  title={Comment: Collinearity diagnostics depend on the domain of prediction, the model, and the data},
  author={Snee, Ronald D and Marquardt, Donald W},
  journal={The American Statistician},
  volume={38},
  number={2},
  pages={83--87},
  year={1984},
  publisher={Taylor \& Francis}
}

@article{yeh2019concept,
  title={On Concept-Based Explanations in Deep Neural Networks},
  author={Yeh, Chih-Kuan and Kim, Been and Arik, Sercan O and Li, Chun-Liang and Ravikumar, Pradeep and Pfister, Tomas},
  journal={arXiv preprint arXiv:1910.07969},
  year={2019}
}

@inproceedings{ghorbani2019towards,
  title={Towards automatic concept-based explanations},
  author={Ghorbani, Amirata and Wexler, James and Zou, James Y and Kim, Been},
  booktitle={Advances in Neural Information Processing Systems},
  pages={9273--9282},
  year={2019}
}

@article{Silver1140,
	author = {Silver, David and Hubert, Thomas and Schrittwieser, Julian and Antonoglou, Ioannis and Lai, Matthew and Guez, Arthur and Lanctot, Marc and Sifre, Laurent and Kumaran, Dharshan and Graepel, Thore and Lillicrap, Timothy and Simonyan, Karen and Hassabis, Demis},
	title = {A general reinforcement learning algorithm that masters chess, shogi, and {G}o through self-play},
	volume = {362},
	number = {6419},
	pages = {1140--1144},
	year = {2018},
	journal = {Science}
	}
	
@Book{game_changer,
  title     = {Game Changer: {A}lpha{Z}ero's Groundbreaking Chess Strategies and the Promise of {AI}},
  publisher = {New In Chess},
  year      = {2019},
  author    = {Matthew Sadler and Natasha Regan},
}

@misc{leela,
  author = {{LCZero Development Community}},
  title        = {{Leela Chess Zero}},
  year = {2018},
  howpublished = {\url{lczero.org}},
  note = {Accessed: 20 November 2019},
}

@misc{schrittwieser2019mastering,
    title={Mastering {A}tari, {G}o, Chess and Shogi by Planning with a Learned Model},
    author={Julian Schrittwieser and Ioannis Antonoglou and Thomas Hubert and Karen Simonyan and Laurent Sifre and Simon Schmitt and Arthur Guez and Edward Lockhart and Demis Hassabis and Thore Graepel and Timothy Lillicrap and David Silver},
    year={2019},
    eprint={1911.08265},
    archivePrefix={arXiv},
    primaryClass={cs.LG}
}

@misc{chesshistorychessbase1,
  author       = {{Chessbase}},
  title        = {{Britannica: The Evolution of Chess Theory (Part 1)}},
  year         = {2019},
  howpublished = {\url{https://en.chessbase.com/post/britannica-the-development-of-chess-theory)},
}
}

@misc{chesshistorychessbase2,
  author       = {{Chessbase}},
  title        = {{Britannica: The Evolution of Chess Theory (Part 2)}},
  year         = {2019},
  howpublished = {\url{https://en.chessbase.com/post/britannica-the-development-of-chess-theory-2)},
}
}

@misc{chesshistorychessbase3,
  author       = {{Chessbase}},
  title        = {{Britannica: The Evolution of Chess Theory (Part 3)}},
  year         = {2019},
  howpublished = {\url{https://en.chessbase.com/post/britannica-the-development-of-chess-theory-3)},
}
}

@misc{soltischess,
  author       = {{Andrew E. Soltis}},
  title        = {{Britannica: Chess}},
  year         = {2021},
  howpublished = {\url{https://www.britannica.com/topic/chess)},
}
}

@misc{theoldestopening,
  author       = {{Arne Moll}},
  title        = {{The Oldest Chess Opening?}},
  year         = {2017},
  howpublished = {\url{https://www.chess.com/blog/ArnieChipmunk/the-oldest-chess-opening)},
}
}


@article{az_variants_preprint,
  title={Assessing game balance with {AlphaZero}: Exploring alternative rule sets in chess},
  author={Toma{\v{s}}ev, Nenad and Paquet, Ulrich and Hassabis, Demis and Kramnik, Vladimir},
  journal={arXiv preprint arXiv:2009.04374},
  year={2020}
}

@inproceedings{kim2018interpretability,
  title={Interpretability beyond feature attribution: Quantitative testing with concept activation vectors ({TCAV})},
  author={Kim, Been and Wattenberg, Martin and Gilmer, Justin and Cai, Carrie and Wexler, James and Viegas, Fernanda and others},
  booktitle={International {C}onference on {M}achine {L}earning},
  pages={2668--2677},
  year={2018},
  organization={PMLR}
}

@misc{kasparov_explainable,
  author       = {{Scott Zoldi}},
  title        = {{Kasparov on AI: Why Is Explainable AI Important?}},
  year         = {2018},
  howpublished = {\url{https://www.fico.com/blogs/index.php/kasparov-ai-why-explainable-ai-important-video}},
}

@article{bratko2018alphazero,
  title={Alpha{Z}ero -- whatâ€™s missing?},
  author={Bratko, Ivan},
  journal={Informatica},
  volume={42},
  number={1},
  year={2018}
}

@misc{heuillet2020explainability,
      title={Explainability in Deep Reinforcement Learning}, 
      author={Alexandre Heuillet and Fabien Couthouis and Natalia D\'{i}az-Rodr\'{i}guez},
      year={2020},
      eprint={2008.06693},
      archivePrefix={arXiv},
      primaryClass={cs.AI}
}

@misc{raffin2019decoupling,
      title={Decoupling feature extraction from policy learning: assessing benefits of state representation learning in goal based robotics}, 
      author={Antonin Raffin and Ashley Hill and Ren\'{e} Traor\'{e} and Timoth\'{e}e Lesort and Natalia D\'{i}az-Rodr\'{i}guez and David Filliat},
      year={2019},
      eprint={1901.08651},
      archivePrefix={arXiv},
      primaryClass={cs.LG}
}

@misc{raffin2018srl,
      title={S-RL Toolbox: Environments, Datasets and Evaluation Metrics for State Representation Learning}, 
      author={Antonin Raffin and Ashley Hill and Ren\'{e} Traor\'{e} and Timoth\'{e}e Lesort and Natalia D\'{i}az-Rodr\'{i}guez and David Filliat},
      year={2018},
      eprint={1809.09369},
      archivePrefix={arXiv},
      primaryClass={cs.LG}
}

@INPROCEEDINGS{8852042,  author={Lesort, Timoth\'{e}e and Seurin, Mathieu and Li, Xinrui and D\'{i}az-Rodr\'{i}guez, Natalia and Filliat, David},  booktitle={2019 International Joint Conference on Neural Networks (IJCNN)},   title={Deep unsupervised state representation learning with robotic priors: a robustness analysis},   year={2019},  volume={},  number={},  pages={1-8},  doi={10.1109/IJCNN.2019.8852042}}

@misc{traore2019discorl,
      title={DisCoRL: Continual Reinforcement Learning via Policy Distillation}, 
      author={Ren\'{e} Traor\'{e} and Hugo Caselles-Dupr\'{e} and Timoth\'{e}e Lesort and Te Sun and Guanghang Cai and Natalia D\'{i}az-Rodr\'{i}guez and David Filliat},
      year={2019},
      eprint={1907.05855},
      archivePrefix={arXiv},
      primaryClass={cs.LG}
}

@misc{doncieux2020dream,
      title={DREAM Architecture: a Developmental Approach to Open-Ended Learning in Robotics}, 
      author={Stephane Doncieux and Nicolas Bredeche and L\'{e}ni Le Goff and Beno\^{i}t Girard and Alexandre Coninx and Olivier Sigaud and Mehdi Khamassi and Natalia D\'{i}az-Rodr\'{i}guez and David Filliat and Timothy Hospedales and A. Eiben and Richard Duro},
      year={2020},
      eprint={2005.06223},
      archivePrefix={arXiv},
      primaryClass={cs.AI}
}

@ARTICLE{openendedlearning,
  
AUTHOR={Doncieux, Stephane and Filliat, David and D\'{i}az-Rodr\'{i}guez, Natalia and Hospedales, Timothy and Duro, Richard and Coninx, Alexandre and Roijers, Diederik M. and Girard, BenoÃ®t and Perrin, Nicolas and Sigaud, Olivier},   
	 
TITLE={Open-Ended Learning: A Conceptual Framework Based on Representational Redescription},      
	
JOURNAL={Frontiers in Neurorobotics},      
	
VOLUME={12},      

PAGES={59},     
	
YEAR={2018},      
	  
URL={https://www.frontiersin.org/article/10.3389/fnbot.2018.00059},       
	
DOI={10.3389/fnbot.2018.00059},      
	
ISSN={1662-5218},   
   
}

@article{symb1,
author = {Garnelo, Marta and Shanahan, Murray},
year = {2019},
month = {10},
pages = {17-23},
title = {Reconciling deep learning with symbolic artificial intelligence: representing objects and relations},
volume = {29},
journal = {Current Opinion in Behavioral Sciences},
doi = {10.1016/j.cobeha.2018.12.010}
}

@misc{garnelo2016deep,
      title={Towards Deep Symbolic Reinforcement Learning}, 
      author={Marta Garnelo and Kai Arulkumaran and Murray Shanahan},
      year={2016},
      eprint={1609.05518},
      archivePrefix={arXiv},
      primaryClass={cs.AI}
}

@misc{garcez2018symbolic,
      title={Towards Symbolic Reinforcement Learning with Common Sense}, 
      author={Artur d'Avila Garcez and Aimore Resende Riquetti Dutra and Eduardo Alonso},
      year={2018},
      eprint={1804.08597},
      archivePrefix={arXiv},
      primaryClass={cs.LG}
}

@misc{zambaldi2018relational,
      title={Relational Deep Reinforcement Learning}, 
      author={Vinicius Zambaldi and David Raposo and Adam Santoro and Victor Bapst and Yujia Li and Igor Babuschkin and Karl Tuyls and David Reichert and Timothy Lillicrap and Edward Lockhart and Murray Shanahan and Victoria Langston and Razvan Pascanu and Matthew Botvinick and Oriol Vinyals and Peter Battaglia},
      year={2018},
      eprint={1806.01830},
      archivePrefix={arXiv},
      primaryClass={cs.LG}
}

@conference {reward_decomposition,
	title = {Explainable Reinforcement Learning via Reward Decomposition},
	booktitle = {in proceedings at the International Joint Conference on Artificial Intelligence. A Workshop on Explainable Artificial Intelligence.},
	year = {2019},
	author = {Z. Juozapaitis and A. Koul and A. Fern and M. Erwig and Doshi-Velez, F.}
}

@misc{madumal2019explainable,
      title={Explainable Reinforcement Learning Through a Causal Lens}, 
      author={Prashan Madumal and Tim Miller and Liz Sonenberg and Frank Vetere},
      year={2019},
      eprint={1905.10958},
      archivePrefix={arXiv},
      primaryClass={cs.LG}
}

@misc{vanseijen2017hybrid,
      title={Hybrid Reward Architecture for Reinforcement Learning}, 
      author={Harm van Seijen and Mehdi Fatemi and Joshua Romoff and Romain Laroche and Tavian Barnes and Jeffrey Tsang},
      year={2017},
      eprint={1706.04208},
      archivePrefix={arXiv},
      primaryClass={cs.LG}
}

@INPROCEEDINGS{6630669,
  author={Kawano, Hiroshi},
  booktitle={2013 IEEE International Conference on Robotics and Automation}, 
  title={Hierarchical sub-task decomposition for reinforcement learning of multi-robot delivery mission}, 
  year={2013},
  volume={},
  number={},
  pages={828-835},
  doi={10.1109/ICRA.2013.6630669}}
  
  @article{Selvaraju_2019,
   title={Grad-CAM: Visual Explanations from Deep Networks via Gradient-Based Localization},
   volume={128},
   ISSN={1573-1405},
   url={http://dx.doi.org/10.1007/s11263-019-01228-7},
   DOI={10.1007/s11263-019-01228-7},
   number={2},
   journal={International Journal of Computer Vision},
   publisher={Springer Science and Business Media LLC},
   author={Selvaraju, Ramprasaath R. and Cogswell, Michael and Das, Abhishek and Vedantam, Ramakrishna and Parikh, Devi and Batra, Dhruv},
   year={2019},
   month={Oct},
   pages={336â€“359}
}

@inproceedings{greydanus2018visualizing,
  title={Visualizing and understanding atari agents},
  author={Greydanus, Samuel and Koul, Anurag and Dodge, Jonathan and Fern, Alan},
  booktitle={International Conference on Machine Learning},
  pages={1792--1801},
  year={2018},
  organization={PMLR}
}


@misc{mundhenk2020efficient,
      title={Efficient Saliency Maps for Explainable AI}, 
      author={T. Nathan Mundhenk and Barry Y. Chen and Gerald Friedland},
      year={2020},
      eprint={1911.11293},
      archivePrefix={arXiv},
      primaryClass={cs.CV}
}

@article{Sequeira_2020,
   title={Interestingness elements for explainable reinforcement learning: Understanding agentsâ€™ capabilities and limitations},
   volume={288},
   ISSN={0004-3702},
   url={http://dx.doi.org/10.1016/j.artint.2020.103367},
   DOI={10.1016/j.artint.2020.103367},
   journal={Artificial Intelligence},
   publisher={Elsevier BV},
   author={Sequeira, Pedro and Gervasio, Melinda},
   year={2020},
   month={Nov},
   pages={103367}
}

@inproceedings{puri2020explain,
  title={Explain your move: understanding agent actions using specific and relevant feature attribution},
  author={Gupta, Piyush and Puri, Nikaash and Verma, Sukriti and Kayastha, Dhruv and Deshmukh, Shripad and Krishnamurthy, Balaji and Singh, Sameer},
  booktitle={International Conference on Learning Representations (ICLR)},
  year={2020}
}

@inproceedings{HaCohenKerner1995LearningSF,
  title={Learning Strategies for Explanation Patterns: Basic Game Patterns with Application to Chess},
  author={Yaakov HaCohen-Kerner},
  booktitle={ICCBR},
  year={1995}
}

@InProceedings{10.1007/3-540-60364-6_40,
author="Kerner, Yaakov",
editor="Haton, Jean-Paul
and Keane, Mark
and Manago, Michel",
title="Case-based evaluation in computer chess",
booktitle="Advances in Case-Based Reasoning",
year="1995",
publisher="Springer Berlin Heidelberg",
address="Berlin, Heidelberg",
pages="240--254",
isbn="978-3-540-45052-8"
}

@inproceedings{jaunet2020drlviz,
  title={DRLViz: Understanding decisions and memory in deep reinforcement learning},
  author={Jaunet, Theo and Vuillemot, Romain and Wolf, Christian},
  booktitle={Computer Graphics Forum},
  volume={39},
  pages={49--61},
  year={2020},
  organization={Wiley Online Library}
}

@article{guo2023advantage,
  title={Advantage Actor-Critic with Reasoner: Explaining the Agent's Behavior from an Exploratory Perspective},
  author={Guo, Muzhe and Yu, Feixu and Lan, Tian and Jin, Fang},
  journal={arXiv preprint arXiv:2309.04707},
  year={2023}
}

@inproceedings{annasamy2019towards,
  title={Towards better interpretability in deep q-networks},
  author={Annasamy, Raghuram Mandyam and Sycara, Katia},
  booktitle={Proceedings of the AAAI conference on artificial intelligence},
  volume={33},
  pages={4561--4569},
  year={2019}
}

@article{rupprecht2019finding,
  title={Finding and visualizing weaknesses of deep reinforcement learning agents},
  author={Rupprecht, Christian and Ibrahim, Cyril and Pal, Christopher J},
  journal={arXiv preprint arXiv:1904.01318},
  year={2019}
}

@article{olson2019counterfactual,
  title={Counterfactual states for atari agents via generative deep learning},
  author={Olson, Matthew L and Neal, Lawrence and Li, Fuxin and Wong, Weng-Keen},
  journal={arXiv preprint arXiv:1909.12969},
  year={2019}
}

@article{yang2023leveraging,
  title={Leveraging Reward Consistency for Interpretable Feature Discovery in Reinforcement Learning},
  author={Yang, Qisen and Wang, Huanqian and Tong, Mukun and Shi, Wenjie and Huang, Gao and Song, Shiji},
  journal={arXiv preprint arXiv:2309.01458},
  year={2023}
}

@inproceedings{topin2021iterative,
  title={Iterative bounding mdps: Learning interpretable policies via non-interpretable methods},
  author={Topin, Nicholay and Milani, Stephanie and Fang, Fei and Veloso, Manuela},
  booktitle={Proceedings of the AAAI Conference on Artificial Intelligence},
  volume={35},
  pages={9923--9931},
  year={2021}
}


@article{dazeley2023explainable,
  title={Explainable reinforcement learning for broad-xai: a conceptual framework and survey},
  author={Dazeley, Richard and Vamplew, Peter and Cruz, Francisco},
  journal={Neural Computing and Applications},
  pages={1--24},
  year={2023},
  publisher={Springer}
}

@inproceedings{jhamtani2018acl,
    title = {Learning to Generate Move-by-Move Commentary for Chess Games from Large-Scale Social Forum Data},
    author = {Harsh Jhamtani and Varun Gangal and Eduard Hovy and Graham Neubig and Taylor Berg-Kirkpatrick},
    booktitle = {The 56th Annual Meeting of the Association for Computational Linguistics (ACL)},
    address = {Melbourne, Australia},
    month = {July},
    year = {2018}
}

@inproceedings{10.1145/3314111.3319827,
author = {Louedec, Justin Le and Guntz, Thomas and Crowley, James L. and Vaufreydaz, Dominique},
title = {Deep Learning Investigation for Chess Player Attention Prediction Using Eye-Tracking and Game Data},
year = {2019},
isbn = {9781450367097},
publisher = {Association for Computing Machinery},
address = {New York, NY, USA},
url = {https://doi.org/10.1145/3314111.3319827},
doi = {10.1145/3314111.3319827},
booktitle = {Proceedings of the 11th ACM Symposium on Eye Tracking Research \& Applications},
articleno = {1},
numpages = {9},
keywords = {computer vision, visual attention, chess, deep neural network},
location = {Denver, Colorado},
series = {ETRA '19}
}

@article {Kasparov1087,
	author = {Kasparov, Garry},
	title = {Chess, a Drosophila of reasoning},
	volume = {362},
	number = {6419},
	pages = {1087--1087},
	year = {2018},
	doi = {10.1126/science.aaw2221},
	publisher = {American Association for the Advancement of Science},
	issn = {0036-8075},
	URL = {https://science.sciencemag.org/content/362/6419/1087},
	eprint = {https://science.sciencemag.org/content/362/6419/1087.full.pdf},
	journal = {Science}
}

@misc{andrulis2020domainlevel,
      title={Domain-Level Explainability -- A Challenge for Creating Trust in Superhuman AI Strategies}, 
      author={Jonas Andrulis and Ole Meyer and GrÃ©gory Schott and Samuel Weinbach and Volker Gruhn},
      year={2020},
      eprint={2011.06665},
      archivePrefix={arXiv},
      primaryClass={cs.AI}
}

@article{kamlish2019sentimate,
  title={{SentiMATE}: Learning to play Chess through Natural Language Processing},
  author={Kamlish, Isaac and Chocron, Isaac Bentata and McCarthy, Nicholas},
  journal={arXiv preprint arXiv:1907.08321},
  year={2019}
}

@inproceedings{Cirik2015ChessQ,
  title={Chess {Q \& A} : Question Answering on Chess Games},
  author={Cirik, Volkan and Morency, Louis-Philippe and Hovy, Eduard},
  booktitle={Reasoning, Attention, Memory (RAM) Workshop, Neural Information Processing Systems},
  year={2015}
}

@article{Czech_2020,
   title={Learning to Play the Chess Variant {C}razyhouse Above World Champion Level With Deep Neural Networks and Human Data},
   volume={3},
   ISSN={2624-8212},
   url={http://dx.doi.org/10.3389/frai.2020.00024},
   DOI={10.3389/frai.2020.00024},
   journal={Frontiers in Artificial Intelligence},
   publisher={Frontiers Media SA},
   author={Czech, Johannes and Willig, Moritz and Beyer, Alena and Kersting, Kristian and F\"{u}rnkranz, Johannes},
   year={2020},
   month={Apr}
}

@article{mcilroyyoung2021learning,
  title={Learning personalized models of human behavior in chess},
  author={McIlroy-Young, Reid and Wang, Russell and Sen, Siddhartha and Kleinberg, Jon and Anderson, Ashton},
  journal={arXiv preprint arXiv:2008.10086},
  year={2020}
}

@inproceedings{10.1145/3394486.3403219,
author = {McIlroy-Young, Reid and Sen, Siddhartha and Kleinberg, Jon and Anderson, Ashton},
title = {Aligning Superhuman {AI} with Human Behavior: Chess as a Model System},
year = {2020},
isbn = {9781450379984},
publisher = {Association for Computing Machinery},
address = {New York, NY, USA},
url = {https://doi.org/10.1145/3394486.3403219},
doi = {10.1145/3394486.3403219},
booktitle = {Proceedings of the 26th ACM SIGKDD International Conference on Knowledge Discovery \& Data Mining},
pages = {1677â€“1687},
numpages = {11},
keywords = {action prediction, chess, human-ai collaboration},
location = {Virtual Event, CA, USA},
series = {KDD '20}
}

@misc{decodechess,
  author       = {{DecodeChess}},
  title        = {{Understanding Chess with Explainable AI}},
  year         = {2017},
  howpublished = {\url{https://decodechess.com/about/},}
}

@article{doshi2017towards,
  title={Towards a rigorous science of interpretable machine learning},
  author={Doshi-Velez, Finale and Kim, Been},
  journal={arXiv preprint arXiv:1702.08608},
  year={2017}
}


@article{chen2020concept,
  title={Concept whitening for interpretable image recognition},
  author={Chen, Zhi and Bei, Yijie and Rudin, Cynthia},
  journal={Nature Machine Intelligence},
  volume={2},
  number={12},
  pages={772--782},
  year={2020},
  publisher={Nature Publishing Group}
}


@inproceedings{yeh2019on,
  author    = {Chih-Kuan Yeh and
               Cheng-Yu Hsieh and
               Arun Sai Suggala and
               David I. Inouye and
               Pradeep Ravikumar},
  title     = {On the (In)fidelity and Sensitivity of Explanations},
  booktitle={NeurIPS},
  year={2019}
}



 @inproceedings{bau2017network,
  title={Network dissection: Quantifying interpretability of deep visual representations},
  author={Bau, David and Zhou, Bolei and Khosla, Aditya and Oliva, Aude and Torralba, Antonio},
  booktitle={Proceedings of the IEEE Conference on Computer Vision and Pattern Recognition},
  pages={6541--6549},
  year={2017}
}
@inproceedings{ghorbani2019automating,
  title={Towards Automatic Concept-based Explanations},
  author={Amirata Ghorbani and James Wexler and James Zou and Been Kim},
  booktitle="Advances in Neural Information Processing Systems",
  year={2019}
}


@article{baehrens2010explain,
  title="How to explain individual classification decisions",
  author="David Baehrens and 
          Timon Schroeter and 
          Stefan Harmeling and
          Motoaki Kawanabe and
          Katja Hansen and 
          Klaus-Robert M{\~A}{\v{z}}ller",
  journal="Journal of Machine Learning Research",
  volume="11",
  number="Jun",
  pages="1803--1831",
  year="2010"
}


@article{simonyan2013deep,
  title={Deep inside convolutional networks: Visualising image classification models and saliency maps},
  author={Karen Simonyan and 
          Andrea Vedaldi and 
          Andrew Zisserman},
  journal={arXiv preprint arXiv:1312.6034},
  year={2013}
}




 @inproceedings{sundararajan2017axiomatic,
   title="Axiomatic attribution for deep networks",
   author="Mukund Sundararajan and Ankur Taly and Qiqi Yan",
   booktitle="International Conference on Machine Learning",
   year="2017"
 }

 @article{bach2015pixel,
   title="On pixel-wise explanations for non-linear classifier decisions by layer-wise relevance propagation",
   author="Bach, Sebastian and Binder, Alexander and Montavon, Gr{\'e}goire and Klauschen, Frederick and M{\"u}ller, Klaus-Robert and Samek, Wojciech",
   journal="PloS one",
   volume="10",
   number="7",
   pages="e0130140",
   year="2015",
   publisher="Public Library of Science"
 }

 @article{selvaraju2016grad,
   title="Grad-cam: Visual explanations from deep networks via gradient-based localization",
   author="Ramprasaath R Selvaraju and Michael Cogswell and Abhishek Das and Ramakrishna Vedantamand and Devi Parikh and Dhruv Parikh",
   journal="International conference on computer vision",
   year="2017"
 }

@incollection{kindermans2019reliability,
  title={The (un) reliability of saliency methods},
  author={Kindermans, Pieter-Jan and Hooker, Sara and Adebayo, Julius and Alber, Maximilian and Sch{\"u}tt, Kristof T and D{\"a}hne, Sven and Erhan, Dumitru and Kim, Been},
  booktitle={Explainable AI: Interpreting, Explaining and Visualizing Deep Learning},
  pages={267--280},
  year={2019},
  publisher={Springer}
}

 @inproceedings{ribeiro2016should,
   title="Why should {I} trust you?: Explaining the predictions of any classifier",
   author="Marco Tulio Ribeiro and Sameer Singh and Carlos Guestrin",
   booktitle="Proceedings of the 22nd ACM SIGKDD International Conference on Knowledge Discovery and Data Mining",
   pages="1135--1144",
   year="2016",
   organization="ACM"
 }


 @article{kindermans2017reliability,
   title="The (Un) reliability of saliency methods",
   author="Pieter-Jan Kindermans and Sara Hooker and Julius Adebayo and Maximilian Alber and Kristof T Sch{\"u}tt and Sven D{\"a}hne and Dumitru Erhan and Been Kim",
   journal="arXiv preprint arXiv:1711.00867",
   year="2017"
 }
 
@article{glanois2021survey,
  title={A survey on interpretable reinforcement learning},
  author={Glanois, Claire and Weng, Paul and Zimmer, Matthieu and Li, Dong and Yang, Tianpei and Hao, Jianye and Liu, Wulong},
  journal={arXiv preprint arXiv:2112.13112},
  year={2021}
}
 
@article{zrihem2016visualizing,
  title={Visualizing dynamics: from t-sne to semi-mdps},
  author={Zrihem, Nir Ben and Zahavy, Tom and Mannor, Shie},
  journal={arXiv preprint arXiv:1606.07112},
  year={2016}
}
 
 @article{atrey2019exploratory,
  title={Exploratory not explanatory: Counterfactual analysis of saliency maps for deep reinforcement learning},
  author={Atrey, Akanksha and Clary, Kaleigh and Jensen, David},
  journal={arXiv preprint arXiv:1912.05743},
  year={2019}
}

 @inproceedings{adebayo2018sanity,
   title="Sanity checks for saliency maps",
   author="Julius Adebayo and Justin Gilmer and Michael  Muelly and Ian Goodfellow and Moritz Hardt and Been Kim",
   booktitle="Advances in Neural Information Processing Systems",
   pages="9525--9536",
   year="2018"
 }
 
 
 @article{alvarez2018robustness,
   title="On the Robustness of Interpretability Methods",
   author="David Alvarez-Melis  and Tommi S. Jaakkola ",
   journal="arXiv preprint arXiv:1806.08049",
   year="2018"
 }



 @inproceedings{melis2018towards,
   title="Towards Robust Interpretability with Self-Explaining Neural Networks",
   author="David Alvarez-Melis and Tommi S. Jaakkola",
   booktitle="Advances in Neural Information Processing Systems",
   pages="7786--7795",
   year="2018"
 }


@inproceedings{clough2019global,
  title={Global and local interpretability for cardiac {MRI} classification},
  author={Clough, James R and Oksuz, Ilkay and Puyol-Ant{\'o}n, Esther and Ruijsink, Bram and King, Andrew P and Schnabel, Julia A},
  booktitle={International Conference on Medical Image Computing and Computer-Assisted Intervention},
  pages={656--664},
  year={2019},
  organization={Springer}
}

@incollection{graziani2018regression,
  title={Regression concept vectors for bidirectional explanations in histopathology},
  author={Graziani, Mara and Andrearczyk, Vincent and M{\"u}ller, Henning},
  booktitle={Understanding and Interpreting Machine Learning in Medical Image Computing Applications},
  pages={124--132},
  year={2018},
  publisher={Springer}
}


@article{jia2022role,
  title={The role of explainability in assuring safety of machine learning in healthcare},
  author={Jia, Yan and McDermid, John and Lawton, Tom and Habli, Ibrahim},
  journal={IEEE Transactions on Emerging Topics in Computing},
  volume={10},
  number={4},
  pages={1746--1760},
  year={2022},
  publisher={IEEE}
}

@article{brown2023detecting,
  title={Detecting shortcut learning for fair medical AI using shortcut testing},
  author={Brown, Alexander and Tomasev, Nenad and Freyberg, Jan and Liu, Yuan and Karthikesalingam, Alan and Schrouff, Jessica},
  journal={Nature Communications},
  volume={14},
  number={1},
  pages={4314},
  year={2023},
  publisher={Nature Publishing Group UK London}
}


@inproceedings{sprague2018interpretable,
  title={Interpretable {AI} for Deep Learning-Based
Meteorological Applications},
  author={Conner Sprague and Eric B Wendoloski and Ingrid Guch},
  booktitle={American Meteorological Society Annual Meeting},
  year={2019}
}

@inproceedings{mincu2021concept,
  title={Concept-based model explanations for Electronic Health Records},
  author={Mincu, Diana and Loreaux, Eric and Hou, Shaobo and Baur, Sebastien and Protsyuk, Ivan and Seneviratne, Martin and Mottram, Anne and Tomasev, Nenad and Karthikesalingam, Alan and Schrouff, Jessica},
  booktitle={Proceedings of the Conference on Health, Inference, and Learning},
  pages={36--46},
  year={2021}
}



@article{schrouff2021best,
  title={Best of both worlds: local and global explanations with human-understandable concepts},
  author={Schrouff, Jessica and Baur, Sebastien and Hou, Shaobo and Mincu, Diana and Loreaux, Eric and Blanes, Ralph and Wexler, James and Karthikesalingam, Alan and Kim, Been},
  journal={arXiv preprint arXiv:2106.08641},
  year={2021}
}

@article{bouchacourt2019educe,
  title={{EDUCE}: {E}xplaining model {D}ecisions through {U}nsupervised {C}oncepts {E}xtraction},
  author={Bouchacourt, Diane and Denoyer, Ludovic},
  journal={arXiv preprint arXiv:1905.11852},
  year={2019}
}



@incollection{yeche2019ubs,
  title={UBS: A dimension-agnostic metric for concept vector interpretability applied to radiomics},
  author={Yeche, Hugo and Harrison, Justin and Berthier, Tess},
  booktitle={Interpretability of Machine Intelligence in Medical Image Computing and Multimodal Learning for Clinical Decision Support},
  pages={12--20},
  year={2019},
  publisher={Springer}
}

@article{sreedharan2020bridging,
  title={Bridging the Gap: Providing Post-Hoc Symbolic Explanations for Sequential Decision-Making Problems with Black Box Simulators},
  author={Sreedharan, Sarath and Soni, Utkarsh and Verma, Mudit and Srivastava, Siddharth and Kambhampati, Subbarao},
  journal={arXiv preprint arXiv:2002.01080},
  year={2020}
}

@article{schwalbe2020concept,
  title={Concept enforcement and modularization as methods for the ISO 26262 safety argumentation of neural networks},
  journal   = {University of Bamberg},
  author={Schwalbe, Gesina and Schels, Martin},
  year={2020},
  publisher={Otto-Friedrich-Universit{\"a}t}
}


@article{cynthiaGrand,
  author    = {Cynthia Rudin and
               Chaofan Chen and
               Zhi Chen and
               Haiyang Huang and
               Lesia Semenova and
               Chudi Zhong},
  title     = {Interpretable Machine Learning: Fundamental Principles and 10 Grand
               Challenges},
  journal   = {CoRR},
  volume    = {abs/2103.11251},
  year      = {2021},
  url       = {https://arxiv.org/abs/2103.11251},
  archivePrefix = {arXiv},
  eprint    = {2103.11251},
  timestamp = {Wed, 24 Mar 2021 15:50:40 +0100},
  biburl    = {https://dblp.org/rec/journals/corr/abs-2103-11251.bib},
  bibsource = {dblp computer science bibliography, https://dblp.org}
}

@inproceedings{lundberg2017unified,
  title={A unified approach to interpreting model predictions},
  author={Lundberg, Scott M and Lee, Su-In},
  booktitle={Advances in Neural Information Processing Systems},
  volume={30},
  year={2017}
}

@article{suraj20,
  author    = {Suraj Srinivas and
               Fran{\c{c}}ois Fleuret},
  title     = {Gradient Alignment in Deep Neural Networks},
  journal   = {CoRR},
  volume    = {abs/2006.09128},
  year      = {2020},
  url       = {https://arxiv.org/abs/2006.09128},
  archivePrefix = {arXiv},
  eprint    = {2006.09128},
  timestamp = {Wed, 17 Jun 2020 14:28:54 +0200},
  biburl    = {https://dblp.org/rec/journals/corr/abs-2006-09128.bib},
  bibsource = {dblp computer science bibliography, https://dblp.org}
}


@article{koh2020concept,
  title={Concept bottleneck models},
  author={Koh, Pang Wei and Nguyen, Thao and Tang, Yew Siang and Mussmann, Stephen and Pierson, Emma and Kim, Been and Liang, Percy},
  journal={arXiv preprint arXiv:2007.04612},
  year={2020}
}

@article{van2008visualizing,
  title={Visualizing data using t-SNE.},
  author={Van der Maaten, Laurens and Hinton, Geoffrey},
  journal={Journal of machine learning research},
  volume={9},
  number={11},
  year={2008}
}

@article{juliusDebugging,
  author    = {Julius Adebayo and
               Michael Muelly and
               Ilaria Liccardi and
               Been Kim},
  title     = {Debugging Tests for Model Explanations},
  journal   = {CoRR},
  volume    = {abs/2011.05429},
  year      = {2020},
  url       = {https://arxiv.org/abs/2011.05429},
  archivePrefix = {arXiv},
  eprint    = {2011.05429},
  timestamp = {Thu, 12 Nov 2020 15:14:56 +0100},
  biburl    = {https://dblp.org/rec/journals/corr/abs-2011-05429.bib},
  bibsource = {dblp computer science bibliography, https://dblp.org}
}

@article{veness2019gated,
  title={Gated linear networks},
  author={Veness, Joel and Lattimore, Tor and Budden, David and Bhoopchand, Avishkar and Mattern, Christopher and Grabska-Barwinska, Agnieszka and Sezener, Eren and Wang, Jianan and Toth, Peter and Schmitt, Simon and others},
  journal={arXiv preprint arXiv:1910.01526},
  year={2019}
}

@article{voita2020information,
  title={Information-theoretic probing with minimum description length},
  author={Voita, Elena and Titov, Ivan},
  journal={arXiv preprint arXiv:2003.12298},
  year={2020}
}

@article{schulz2020restricting,
  title={Restricting the flow: Information bottlenecks for attribution},
  author={Schulz, Karl and Sixt, Leon and Tombari, Federico and Landgraf, Tim},
  journal={arXiv preprint arXiv:2001.00396},
  year={2020}
}

@article{olah2018building,
  title={The building blocks of interpretability},
  author={Olah, Chris and Satyanarayan, Arvind and Johnson, Ian and Carter, Shan and Schubert, Ludwig and Ye, Katherine and Mordvintsev, Alexander},
  journal={Distill},
  volume={3},
  number={3},
  pages={e10},
  year={2018}
}

@article{goh2021multimodal,
  title={Multimodal neurons in artificial neural networks},
  author={Goh, Gabriel and Cammarata, Nick and Voss, Chelsea and Carter, Shan and Petrov, Michael and Schubert, Ludwig and Radford, Alec and Olah, Chris},
  journal={Distill},
  volume={6},
  number={3},
  pages={e30},
  year={2021}
}

@article{hilton2020understanding,
  title={Understanding {RL} Vision},
  author={Hilton, Jacob and Cammarata, Nick and Carter, Shan and Goh, Gabriel and Olah, Chris},
  journal={Distill},
  volume={5},
  number={11},
  pages={e29},
  year={2020}
}

@article{pitfalls21,
  author    = {Anita Mahinpei and
               Justin Clark and
               Isaac Lage and
               Finale Doshi{-}Velez and
               Weiwei Pan},
  title     = {Promises and Pitfalls of Black-Box Concept Learning Models},
  journal   = {CoRR},
  volume    = {abs/2106.13314},
  year      = {2021},
  url       = {https://arxiv.org/abs/2106.13314},
  archivePrefix = {arXiv},
  eprint    = {2106.13314},
  timestamp = {Wed, 30 Jun 2021 16:14:10 +0200},
  biburl    = {https://dblp.org/rec/journals/corr/abs-2106-13314.bib},
  bibsource = {dblp computer science bibliography, https://dblp.org}
}


@article{cai19,
  author    = {Carrie J. Cai and
               Emily Reif and
               Narayan Hegde and
               Jason D. Hipp and
               Been Kim and
               Daniel Smilkov and
               Martin Wattenberg and
               Fernanda B. Vi{\'{e}}gas and
               Gregory S. Corrado and
               Martin C. Stumpe and
               Michael Terry},
  title     = {Human-Centered Tools for Coping with Imperfect Algorithms during Medical
               Decision-Making},
  journal   = {CoRR},
  volume    = {abs/1902.02960},
  year      = {2019},
  url       = {http://arxiv.org/abs/1902.02960},
  archivePrefix = {arXiv},
  eprint    = {1902.02960},
  timestamp = {Tue, 21 May 2019 18:03:39 +0200},
  biburl    = {https://dblp.org/rec/journals/corr/abs-1902-02960.bib},
  bibsource = {dblp computer science bibliography, https://dblp.org}
}

@article{FongV17,
  author    = {Ruth Fong and
               Andrea Vedaldi},
  title     = {Interpretable Explanations of Black Boxes by Meaningful Perturbation},
  journal   = {CoRR},
  volume    = {abs/1704.03296},
  year      = {2017},
  url       = {http://arxiv.org/abs/1704.03296},
  archivePrefix = {arXiv},
  eprint    = {1704.03296},
  timestamp = {Mon, 13 Aug 2018 16:49:02 +0200},
  biburl    = {https://dblp.org/rec/journals/corr/FongV17.bib},
  bibsource = {dblp computer science bibliography, https://dblp.org}
}

@inproceedings{DabkowskiGal2017RealB,
   author = {Piotr Dabkowski and Yarin Gal},
    title = "{Real Time Image Saliency for Black Box Classifiers}",
booktitle = {Advances in Neural Information Processing Systems 30 (NIPS)},
     year = 2017,
}

@article{leavitt2020towards,
  title={Towards falsifiable interpretability research},
  author={Leavitt, Matthew L and Morcos, Ari},
  journal={arXiv preprint arXiv:2010.12016},
  year={2020}
}

@article{goel2018unsupervised,
  title={Unsupervised video object segmentation for deep reinforcement learning},
  author={Goel, Vikash and Weng, Jameson and Poupart, Pascal},
  journal={Advances in neural information processing systems},
  volume={31},
  year={2018}
}

@article{li2018object,
  title={Object-sensitive deep reinforcement learning},
  author={Li, Yuezhang and Sycara, Katia and Iyer, Rahul},
  journal={arXiv preprint arXiv:1809.06064},
  year={2018}
}

@article{lee1999learning,
  title={Learning the parts of objects by non-negative matrix factorization},
  author={Lee, Daniel D and Seung, H Sebastian},
  journal={Nature},
  volume={401},
  number={6755},
  pages={788--791},
  year={1999},
  publisher={Nature Publishing Group}
}

@inproceedings{he2016deep,
  title={Deep residual learning for image recognition},
  author={He, Kaiming and Zhang, Xiangyu and Ren, Shaoqing and Sun, Jian},
  booktitle={Proceedings of the IEEE Conference on Computer Vision and Pattern Recognition},
  pages={770--778},
  year={2016}
}

@article{bau2020understanding,
  title={Understanding the role of individual units in a deep neural network},
  author={Bau, David and Zhu, Jun-Yan and Strobelt, Hendrik and Lapedriza, Agata and Zhou, Bolei and Torralba, Antonio},
  journal={Proceedings of the National Academy of Sciences},
  volume={117},
  number={48},
  pages={30071--30078},
  year={2020},
  publisher={National Acad Sciences}
}

@article{manning2020emergent,
  title={Emergent linguistic structure in artificial neural networks trained by self-supervision},
  author={Manning, Christopher D and Clark, Kevin and Hewitt, John and Khandelwal, Urvashi and Levy, Omer},
  journal={Proceedings of the National Academy of Sciences},
  volume={117},
  number={48},
  pages={30046--30054},
  year={2020},
  publisher={National Acad Sciences}
}

@article{rogers2020primer,
  title={A primer in bertology: What we know about how bert works},
  author={Rogers, Anna and Kovaleva, Olga and Rumshisky, Anna},
  journal={Transactions of the Association for Computational Linguistics},
  volume={8},
  pages={842--866},
  year={2020},
  publisher={MIT Press}
}

@inproceedings{integrated-gradients,
author = {Sundararajan, Mukund and Taly, Ankur and Yan, Qiqi},
title = {Axiomatic Attribution for Deep Networks},
year = {2017},
booktitle = {Proceedings of the 34th International Conference on Machine Learning - Volume 70},
pages = {3319--3328}
}

@article{olah2020zoom,
  author = {Olah, Chris and Cammarata, Nick and Schubert, Ludwig and Goh, Gabriel and Petrov, Michael and Carter, Shan},
  title = {Zoom In: An Introduction to Circuits},
  journal = {Distill},
  year = {2020},
  note = {https://distill.pub/2020/circuits/zoom-in},
  doi = {10.23915/distill.00024.001}
}

@article{cammarata2020thread,
  author = {Cammarata, Nick and Carter, Shan and Goh, Gabriel and Olah, Chris and Petrov, Michael and Schubert, Ludwig and Voss, Chelsea and Egan, Ben and Lim, Swee Kiat},
  title = {Thread: Circuits},
  journal = {Distill},
  year = {2020},
  note = {https://distill.pub/2020/circuits},
  doi = {10.23915/distill.00024}
}

@article{carter2019activation,
  author = {Carter, Shan and Armstrong, Zan and Schubert, Ludwig and Johnson, Ian and Olah, Chris},
  title = {Activation Atlas},
  journal = {Distill},
  year = {2019},
  note = {https://distill.pub/2019/activation-atlas},
  doi = {10.23915/distill.00015}
}

@article{goyal2019explaining,
  title={Explaining classifiers with causal concept effect ({CaCE})},
  author={Goyal, Yash and Feder, Amir and Shalit, Uri and Kim, Been},
  journal={arXiv preprint arXiv:1907.07165},
  year={2019}
}

@article{alain2016understanding,
  title={Understanding intermediate layers using linear classifier probes},
  author={Alain, Guillaume and Bengio, Yoshua},
  journal={arXiv preprint arXiv:1610.01644},
  year={2016}
}

@article{lipton2018mythos,
  title={The Mythos of Model Interpretability: In machine learning, the concept of interpretability is both important and slippery.},
  author={Lipton, Zachary C},
  journal={Queue},
  volume={16},
  number={3},
  pages={31--57},
  year={2018},
  publisher={ACM New York, NY, USA}
}

@article{arrieta2020explainable,
  title={Explainable Artificial Intelligence ({XAI}): Concepts, taxonomies, opportunities and challenges toward responsible {AI}},
  author={Arrieta, Alejandro Barredo and D{\'\i}az-Rodr{\'\i}guez, Natalia and Del Ser, Javier and Bennetot, Adrien and Tabik, Siham and Barbado, Alberto and Garc{\'\i}a, Salvador and Gil-L{\'o}pez, Sergio and Molina, Daniel and Benjamins, Richard and others},
  journal={Information Fusion},
  volume={58},
  pages={82--115},
  year={2020},
  publisher={Elsevier}
}

@article{koul2018learning,
  title={Learning finite state representations of recurrent policy networks},
  author={Koul, Anurag and Greydanus, Sam and Fern, Alan},
  journal={arXiv preprint arXiv:1811.12530},
  year={2018}
}

@misc{chessbase,
  author       = "ChessBase",
  title        = "ChessBase {M}ega {D}atabase",
  howpublished = "database.chessbase.com",
  year         = "2021",
}

@article{pimentel2021bayesian,
  title={A Bayesian Framework for Information-Theoretic Probing},
  author={Pimentel, Tiago and Cotterell, Ryan},
  journal={arXiv preprint arXiv:2109.03853},
  year={2021}
}

@inproceedings{xu2019theory,
  title={A Theory of Usable Information under Computational Constraints},
  author={Xu, Yilun and Zhao, Shengjia and Song, Jiaming and Stewart, Russell and Ermon, Stefano},
  booktitle={International Conference on Learning Representations},
  year={2019}
}

@article{paatero1994positive,
  title={Positive matrix factorization: A non-negative factor model with optimal utilization of error estimates of data values},
  author={Paatero, Pentti and Tapper, Unto},
  journal={Environmetrics},
  volume={5},
  number={2},
  pages={111--126},
  year={1994},
  publisher={Wiley Online Library}
}
@inproceedings{lee99,
  author = {Lee, Daniel D. and Seung, H. Sebastian},
  booktitle = {NIPS},
  title = {Algorithms for Non-negative Matrix Factorization.},
  url = {http://dblp.uni-trier.de/db/conf/nips/nips2000.html#LeeS00},
  year = 2000
}

@incollection{turing53digital,
author={Alan Turing},
title="Digital computers applied to games",
bookTitle="Faster Than Thought: A Symposium on Digital Computing Machines",
year="1953",
pages="286--310",
editor = {B.~V.~Bowden},
publisher = {Pitman Publishing},
address = {London},
}



@article{DoshiKim2017Interpretability,
  title={Towards A Rigorous Science of Interpretable Machine Learning},
  author={Finale {Doshi-Velez} and Been Kim},
  journal={arXiv preprint arXiv:1702.08608},
  year={2017}
}

@inproceedings{sreedharan2020tldr,
  title={TLdR: Policy summarization for factored SSP problems using temporal abstractions},
  author={Sreedharan, Sarath and Srivastava, Siddharth and Kambhampati, Subbarao},
  booktitle={Proceedings of the International Conference on Automated Planning and Scheduling},
  volume={30},
  pages={272--280},
  year={2020}
}

@inproceedings{bahadori2020debiasing,
  title={Debiasing Concept-based Explanations with Causal Analysis},
  author={Bahadori, Mohammad Taha and Heckerman, David},
  booktitle={International Conference on Learning Representations},
  year={2020}
}

@article{CACM-paper,
author = {Toma\v{s}ev, Nenad and Paquet, Ulrich and Hassabis, Demis and Kramnik, Vladimir},
title = {Reimagining Chess with {A}lpha{Z}ero},
year = {2022},
issue_date = {February 2022},
publisher = {Association for Computing Machinery},
address = {New York, NY, USA},
volume = {65},
number = {2},
issn = {0001-0782},
url = {https://doi.org/10.1145/3460349},
doi = {10.1145/3460349},
abstract = {AI is driving the next evolution of chess, giving players a glimpse into the game's future.},
journal = {Commun. ACM},
month = {Jan},
pages = {60â€“66},
numpages = {7}
}

@article{Bahadori2020,
  author    = {Mohammad Taha Bahadori and
               David E. Heckerman},
  title     = {Debiasing Concept Bottleneck Models with Instrumental Variables},
  journal={arXiv preprint arXiv:2007.11500},  
  year      = {2020},
}  

@Article{Shan50,
  Title                    = {Programming a Computer for Playing Chess},
  Author                   = {Claude E. Shannon},
  Journal                  = {Philosophical Magazine},
  Year                     = {1959},
  Number                   = {312},
  Volume                   = {Ser.~7, 41}
}

@article{olsson2022incontext,
   title={In-context Learning and Induction Heads},
   author={Olsson, Catherine and Elhage, Nelson and Nanda, Neel and Joseph, Nicholas and DasSarma, Nova and Henighan, Tom and Mann, Ben and Askell, Amanda and Bai, Yuntao and Chen, Anna and Conerly, Tom and Drain, Dawn and Ganguli, Deep and Hatfield-Dodds, Zac and Hernandez, Danny and Johnston, Scott and Jones, Andy and Kernion, Jackson and Lovitt, Liane and Ndousse, Kamal and Amodei, Dario and Brown, Tom and Clark, Jack and Kaplan, Jared and McCandlish, Sam and Olah, Chris},
   year={2022},
   journal={Transformer Circuits Thread},
   note={https://transformer-circuits.pub/2022/in-context-learning-and-induction-heads/index.html}
}

@misc{stochfish-evaluation,
  title = {Stockfish evaluation guide},
  howpublished = {\url{https://hxim.github.io/Stockfish-Evaluation-Guide/}},
  note = {Accessed: 2022-03-30},
  year = {2020}
}

@misc{stockfish,
  author = {{Stockfish Community}},
  title        = {{Stockfish Chess}},
  year = {2018},
  howpublished = {\url{https://stockfishchess.org/}},
  note = {Accessed: 23 July 2023},
}


@inproceedings{forde2022concepts,
  title={Where, When \& Which Concepts Does {AlphaZero} Learn? {Lessons} from the Game of {Hex}},
  author={Forde, Jessica Zosa and Lovering, Charles and Konidaris, George and Pavlick, Ellie and Littman, Michael L},
  booktitle={AAAI Workshop on Reinforcement Learning in Games},
  volume={2},
  year={2022}
}

@article{tomlin2022understanding,
  title={Understanding Game-Playing Agents with Natural Language Annotations},
  author={Tomlin, Nicholas and He, Andre and Klein, Dan},
  journal={arXiv preprint arXiv:2204.07531},
  year={2022}
}

@article{campbell2002deep,
  title={Deep blue},
  author={Campbell, Murray and Hoane Jr, A Joseph and Hsu, Feng-hsiung},
  journal={Artificial intelligence},
  volume={134},
  number={1-2},
  pages={57--83},
  year={2002},
  publisher={Elsevier}
}

@inproceedings{macglashan2015between,
  title={Between imitation and intention learning},
  author={MacGlashan, James and Littman, Michael L},
  booktitle={Twenty-Fourth International Joint Conference on Artificial Intelligence},
  year={2015}
}

@article{belinkov2022probing,
  title={Probing classifiers: Promises, shortcomings, and advances},
  author={Belinkov, Yonatan},
  journal={Computational Linguistics},
  volume={48},
  number={1},
  pages={207--219},
  year={2022},
  publisher={MIT Press One Broadway, 12th Floor, Cambridge, Massachusetts 02142, USA~â€¦}
}

@misc{feng2023chessgpt,
      title={ChessGPT: Bridging Policy Learning and Language Modeling}, 
      author={Xidong Feng and Yicheng Luo and Ziyan Wang and Hongrui Tang and Mengyue Yang and Kun Shao and David Mguni and Yali Du and Jun Wang},
      year={2023},
      eprint={2306.09200},
      archivePrefix={arXiv},
      primaryClass={cs.LG}
}

@misc{krajna2022explainability,
      title={Explainability in reinforcement learning: perspective and position}, 
      author={Agneza Krajna and Mario Brcic and Tomislav Lipic and Juraj Doncevic},
      year={2022},
      eprint={2203.11547},
      archivePrefix={arXiv},
      primaryClass={cs.AI}
}

@article{gurnee2023finding,
  title={Finding Neurons in a Haystack: Case Studies with Sparse Probing},
  author={Gurnee, Wes and Nanda, Neel and Pauly, Matthew and Harvey, Katherine and Troitskii, Dmitrii and Bertsimas, Dimitris},
  journal={arXiv preprint arXiv:2305.01610},
  year={2023}
}

@article{conneau2018you,
  title={What you can cram into a single vector: Probing sentence embeddings for linguistic properties},
  author={Conneau, Alexis and Kruszewski, German and Lample, Guillaume and Barrault, Lo{\"\i}c and Baroni, Marco},
  journal={arXiv preprint arXiv:1805.01070},
  year={2018}
}

@article{tenney2019bert,
  title={BERT rediscovers the classical NLP pipeline},
  author={Tenney, Ian and Das, Dipanjan and Pavlick, Ellie},
  journal={arXiv preprint arXiv:1905.05950},
  year={2019}
}

@misc{nanda_othello_2023, title={Actually, Othello-GPT Has A Linear Emergent World Model}, url={<https://neelnanda.io/mechanistic-interpretability/othello>}, journal={neelnanda.io}, author={Nanda, Neel}, year={2023}, month={Mar}}

@misc{iclrkeynote_been_2022, 
title={Beyond interpretability: developing a language to shape our relationships with AI}, 
url={https://medium.com/@beenkim/beyond-interpretability-4bf03bbd9394}, 
journal={medium}, 
author={Kim, Been},
year={2022}, 
month={Apr}}

@article{smith2018importance,
  title={The importance of a truly comparative methodology for comparative psychology},
  author={Smith, Mackenzie F and Watzek, Julia and Brosnan, Sarah Frances},
  journal={International Journal of Comparative Psychology},
  volume={31},
  year={2018}
}

@misc{cb_games,
  author = {ChessBase},
  title = {ChessBase Mega Database},
  year = {2021},
  note = {data retrieved database.chessbase.com/},
}

@article{kingma2014adam,
  title={Adam: A method for stochastic optimization},
  author={Kingma, Diederik P and Ba, Jimmy},
  journal={arXiv preprint arXiv:1412.6980},
  year={2014}
}

 @misc{ wiki:elo,
   author = "{Wikipedia contributors}",
   title = "Chess rating system",
   year = "2023",
   url = "https://en.wikipedia.org/wiki/Chess_rating_system",
   note = "[Online; accessed 23-July-2023]"
 }
 
  @misc{ wiki:chess_strategy,
   author = "{Wikipedia contributors}",
   title = "Chess strategy",
   year = "2023",
   url = "https://en.wikipedia.org/wiki/Chess_strategy",
   note = "[Online; accessed 13-October-2023]"
 }
 
  @misc{ wiki:chess_tactic,
   author = "{Wikipedia contributors}",
   title = "Chess tactic",
   year = "2023",
   url = "https://en.wikipedia.org/wiki/Chess_tactic",
   note = "[Online; accessed 13-October-2023]"
 }
 
   @misc{ fide_handbook,
   author = "{FIDE}",
   title = "FIDE Handbook C.02",
   year = "2019",
   url = "https://handbook.fide.com/",
   note = "[Online; accessed 13-October-2023]"
 }
 
  @misc{ chuchelov_interview,
   author = "{Alisa Melekhina}",
   title = "Interview with GM Chuchelov - Caruana's Coach",
   year = "2014",
   url = "https://en.chessbase.com/post/interview-with-gm-chuchelov-caruana-s-coach",
   note = "[Online; accessed 1-August-2023]"
 }
 
  @misc{ eco,
   author = "{LiChess}",
   title = "Encyclopedia of Chess Openings",
   year = "2023",
   url = "https://github.com/lichess-org/chess-openings",
   note = "[Online; accessed 1-May-2023]"
 }
 
  @misc{ tablebase,
   author = "{Bojun Guo}",
   title = "Syzygy Tablebase",
   year = "2023",
   url = "https://syzygy-tables.info/",
   note = "[Online; accessed 23-July-2023]"
 }

@misc{bilodeau22impossibility,
  author = {{Bilodeau}, Blair and {Jaques}, Natasha and {Koh}, Pang Wei and {Kim}, Been},
  title = {Impossibility Theorems for Feature Attribution},
  year = {2022},
  note = {arXiv:2212.11870},
}
@article{nie2018,
  author       = {Weili Nie and
                  Yang Zhang and
                  Ankit Patel},
  title        = {A Theoretical Explanation for Perplexing Behaviors of Backpropagation-based
                  Visualizations},
  journal      = {CoRR},
  year         = {2018},

}

@BOOK{10goldenrules,
  TITLE = {How to Win at Chess},
  SUBTITLE = {The Ten Golden Rules},
  AUTHOR = {Daniel King},
  YEAR = {2000}, 
  PUBLISHER = {Everyman Chess},
}

@BOOK{step_method,
  TITLE = {Steps Method},
  AUTHOR = {Rob Brunia and Cor van Wijgerden},
  YEAR = {2021}, 
  PUBLISHER = {Self-published},
}

@BOOK{openings_carsten,
  TITLE = {Back to Basics: Chess Openings},
  SUBTITLE = {A comprehensive guide to chess openings and opening play},
  AUTHOR = {Carsten Hansen},
  YEAR = {2021}, 
  PUBLISHER = {Russel Enterprises},
}

@misc{sts,
  author = {Dann Corbit and Swaminathan Natarajan and  Ferdinand Mosca},
  title = {Strategic Test Suite},
  year = 2014,
  url = {https://sites.google.com/site/strategictestsuite/},
  urldate = {2023-08-01}
}

@article{hinton2015distilling,
  title={Distilling the knowledge in a neural network},
  author={Hinton, Geoffrey and Vinyals, Oriol and Dean, Jeff},
  journal={arXiv preprint arXiv:1503.02531},
  year={2015}
}

@article{omidshafiei2022beyond,
  title={Beyond rewards: a hierarchical perspective on offline multiagent behavioral analysis},
  author={Omidshafiei, Shayegan and Kapishnikov, Andrei and Assogba, Yannick and Dixon, Lucas and Kim, Been},
  journal={Advances in Neural Information Processing Systems},
  volume={35},
  pages={3444--3460},
  year={2022}
}

@article{das2023state2explanation,
  title={State2Explanation: Concept-Based Explanations to Benefit Agent Learning and User Understanding},
  author={Das, Devleena and Chernova, Sonia and Kim, Been},
  journal={Advances in Neural Information Processing Systems},
  year={2023}
}
@article{bilodeau2022impossibility,
  title={Impossibility theorems for feature attribution},
  author={Bilodeau, Blair and Jaques, Natasha and Koh, Pang Wei and Kim, Been},
  journal={arXiv preprint arXiv:2212.11870},
  year={2022}
}

@article{cvxpy1,
  author  = {Steven Diamond and Stephen Boyd},
  title   = {{CVXPY}: {A} {P}ython-embedded modeling language for convex optimization},
  journal = {Journal of Machine Learning Research},
  year    = {2016},
  volume  = {17},
  number  = {83},
  pages   = {1--5},
}

@article{cvxpy2,
  author  = {Agrawal, Akshay and Verschueren, Robin and Diamond, Steven and Boyd, Stephen},
  title   = {A rewriting system for convex optimization problems},
  journal = {Journal of Control and Decision},
  year    = {2018},
  volume  = {5},
  number  = {1},
  pages   = {42--60},
}

@software{chesspackage,
  author = {Niklas Fiekas},
  month = {10},
  title = {{python-chess}},
  url = {https://github.com/niklasf/python-chess},
  version = {1.10.0},
  year = {2023}
}


@article{soni2020adversarial,
  title={Adversarial TCAV--Robust and Effective Interpretation of Intermediate Layers in Neural Networks},
  author={Soni, Rahul and Shah, Naresh and Seng, Chua Tat and Moore, Jimmy D},
  journal={arXiv preprint arXiv:2002.03549},
  year={2020}
}

@article{meinshausen2006high,
  title={High-dimensional graphs and variable selection with the lasso},
  author={Meinshausen, Nicolai and B{\"u}hlmann, Peter},
  year={2006}
}