@article{silver2016mastering,
  title={Mastering the game of {Go} with deep neural networks and tree search},
  author={Silver, David and Huang, Aja and Maddison, Chris J and Guez, Arthur and Sifre, Laurent and Van Den 
  Driessche, George and Schrittwieser, Julian and Antonoglou, Ioannis and Panneershelvam, Veda and Lanctot, 
  Marc and others},
  journal={Nature},
  volume={529},
  number={7587},
  pages={484},
  year={2016},
  publisher={Nature Publishing Group}
}

@article{evans1984heuristic,
    title={Heuristic and Analytic Processes in Reasoning},
    author={Jonathan ~St B.~T. Evans},
    journal={British Journal of Psychology},
    volume={75(4)},
    pages={451--468},
    year={1984}
}

@article{setlur2024rl,
  title={RL on Incorrect Synthetic Data Scales the Efficiency of LLM Math Reasoning by Eight-Fold},
  author={Setlur, Amrith and Garg, Saurabh and Geng, Xinyang and Garg, Naman and Smith, Virginia and Kumar, Aviral},
  journal={arXiv preprint arXiv:2406.14532},
  year={2024}
}

@article{qu2024recursive,
  title={Recursive Introspection: Teaching Foundation Models How to Self-Improve},
  author={Qu, Yuxiao and Zhang, Tianjun and Garg, Naman and Kumar, Aviral},
  year={2024}
}

@article{anonymousrevisions,
  title={Training Revision Models with Synthetic Data},
  author={},
  year={Coming soon, 2024}
}

@article{predictemergence,
  title={Predicting Emergent Capabilities by Finetuning},
  author={Charlie Snell and Eric Wallace and Dan Klein and Sergey Levine},
  year={2024},
  journal={Conference on Language Modeling 2024}
}

@book{suttonrlbook,
  title={Reinforcement learning: An introduction},
  author={Sutton, Richard S and Barto, Andrew G},
  year={2018},
  edition = {Second}
}

@article{kahneman2003maps,
    title={Maps of Bounded Rationality: Psychology for Behavioral Economics},
    author={Daniel Kahneman},
    journal={The American Economic Review},
    volume={93(5)},
    pages={1449--1475},
    year={2003}
}

@book{kahneman2013thinking,
  title={Thinking, fast and slow},
  author={Kahneman, Daniel},
  year={2013},
  publisher={Farrar, Straus and Giroux},
  edition={First paperback edition},
  address={New York}
}

@misc{bai2022constitutional,
      title={Constitutional AI: Harmlessness from AI Feedback}, 
      author={Yuntao Bai and Saurav Kadavath and Sandipan Kundu and Amanda Askell and Jackson Kernion and Andy Jones and Anna Chen and Anna Goldie and Azalia Mirhoseini and Cameron McKinnon and Carol Chen and Catherine Olsson and Christopher Olah and Danny Hernandez and Dawn Drain and Deep Ganguli and Dustin Li and Eli Tran-Johnson and Ethan Perez and Jamie Kerr and Jared Mueller and Jeffrey Ladish and Joshua Landau and Kamal Ndousse and Kamile Lukosuite and Liane Lovitt and Michael Sellitto and Nelson Elhage and Nicholas Schiefer and Noemi Mercado and Nova DasSarma and Robert Lasenby and Robin Larson and Sam Ringer and Scott Johnston and Shauna Kravec and Sheer El Showk and Stanislav Fort and Tamera Lanham and Timothy Telleen-Lawton and Tom Conerly and Tom Henighan and Tristan Hume and Samuel R. Bowman and Zac Hatfield-Dodds and Ben Mann and Dario Amodei and Nicholas Joseph and Sam McCandlish and Tom Brown and Jared Kaplan},
      year={2022},
      eprint={2212.08073},
      archivePrefix={arXiv},
      primaryClass={cs.CL}
}

@misc{du2023improving,
      title={Improving Factuality and Reasoning in Language Models through Multiagent Debate}, 
      author={Yilun Du and Shuang Li and Antonio Torralba and Joshua B. Tenenbaum and Igor Mordatch},
      year={2023},
      eprint={2305.14325},
      archivePrefix={arXiv},
      primaryClass={cs.CL}
}

@misc{saunders2022selfcritiquing,
      title={Self-critiquing models for assisting human evaluators}, 
      author={William Saunders and Catherine Yeh and Jeff Wu and Steven Bills and Long Ouyang and Jonathan Ward and Jan Leike},
      year={2022},
      eprint={2206.05802},
      archivePrefix={arXiv},
      primaryClass={cs.CL}
}

@misc{madaan2023selfrefine,
      title={Self-Refine: Iterative Refinement with Self-Feedback}, 
      author={Aman Madaan and Niket Tandon and Prakhar Gupta and Skyler Hallinan and Luyu Gao and Sarah Wiegreffe and Uri Alon and Nouha Dziri and Shrimai Prabhumoye and Yiming Yang and Shashank Gupta and Bodhisattwa Prasad Majumder and Katherine Hermann and Sean Welleck and Amir Yazdanbakhsh and Peter Clark},
      year={2023},
      eprint={2303.17651},
      archivePrefix={arXiv},
      primaryClass={cs.CL}
}

@misc{huang2023large,
      title={Large Language Models Cannot Self-Correct Reasoning Yet}, 
      author={Jie Huang and Xinyun Chen and Swaroop Mishra and Huaixiu Steven Zheng and Adams Wei Yu and Xinying Song and Denny Zhou},
      year={2023},
      eprint={2310.01798},
      archivePrefix={arXiv},
      primaryClass={cs.CL}
}

@misc{stechly2023gpt4,
      title={GPT-4 Doesn't Know It's Wrong: An Analysis of Iterative Prompting for Reasoning Problems}, 
      author={Kaya Stechly and Matthew Marquez and Subbarao Kambhampati},
      year={2023},
      eprint={2310.12397},
      archivePrefix={arXiv},
      primaryClass={cs.AI}
}

@misc{valmeekam2023large,
      title={Can Large Language Models Really Improve by Self-critiquing Their Own Plans?}, 
      author={Karthik Valmeekam and Matthew Marquez and Subbarao Kambhampati},
      year={2023},
      eprint={2310.08118},
      archivePrefix={arXiv},
      primaryClass={cs.AI}
}

@misc{cobbe2021training,
      title={Training Verifiers to Solve Math Word Problems}, 
      author={Karl Cobbe and Vineet Kosaraju and Mohammad Bavarian and Mark Chen and Heewoo Jun and Lukasz Kaiser and Matthias Plappert and Jerry Tworek and Jacob Hilton and Reiichiro Nakano and Christopher Hesse and John Schulman},
      year={2021},
      eprint={2110.14168},
      archivePrefix={arXiv},
      primaryClass={cs.LG}
}

@misc{lightman2023lets,
      title={Let's Verify Step by Step}, 
      author={Hunter Lightman and Vineet Kosaraju and Yura Burda and Harri Edwards and Bowen Baker and Teddy Lee and Jan Leike and John Schulman and Ilya Sutskever and Karl Cobbe},
      year={2023},
      eprint={2305.20050},
      archivePrefix={arXiv},
      primaryClass={cs.LG}
}

@misc{uesato2022solving,
      title={Solving math word problems with process- and outcome-based feedback}, 
      author={Jonathan Uesato and Nate Kushman and Ramana Kumar and Francis Song and Noah Siegel and Lisa Wang and Antonia Creswell and Geoffrey Irving and Irina Higgins},
      year={2022},
      eprint={2211.14275},
      archivePrefix={arXiv},
      primaryClass={cs.LG}
}

@misc{feng2024alphazerolike,
      title={Alphazero-like Tree-Search can Guide Large Language Model Decoding and Training}, 
      author={Xidong Feng and Ziyu Wan and Muning Wen and Stephen Marcus McAleer and Ying Wen and Weinan Zhang and Jun Wang},
      year={2024},
      eprint={2309.17179},
      archivePrefix={arXiv},
      primaryClass={cs.LG}
}

@misc{chen2024alphamath,
      title={AlphaMath Almost Zero: process Supervision without process}, 
      author={Guoxin Chen and Minpeng Liao and Chengxi Li and Kai Fan},
      year={2024},
      eprint={2405.03553},
      archivePrefix={arXiv},
      primaryClass={cs.CL}
}

@misc{tian2024selfimprovement,
      title={Toward Self-Improvement of LLMs via Imagination, Searching, and Criticizing}, 
      author={Ye Tian and Baolin Peng and Linfeng Song and Lifeng Jin and Dian Yu and Haitao Mi and Dong Yu},
      year={2024},
      eprint={2404.12253},
      archivePrefix={arXiv},
      primaryClass={cs.CL}
}

@misc{zelikman2022star,
      title={STaR: Bootstrapping Reasoning With Reasoning}, 
      author={Eric Zelikman and Yuhuai Wu and Jesse Mu and Noah D. Goodman},
      year={2022},
      eprint={2203.14465},
      archivePrefix={arXiv},
      primaryClass={cs.LG}
}

@misc{hosseini2024vstar,
      title={V-STaR: Training Verifiers for Self-Taught Reasoners}, 
      author={Arian Hosseini and Xingdi Yuan and Nikolay Malkin and Aaron Courville and Alessandro Sordoni and Rishabh Agarwal},
      year={2024},
      eprint={2402.06457},
      archivePrefix={arXiv},
      primaryClass={cs.LG}
}

@misc{wang2023mathshepherd,
      title={Math-Shepherd: Verify and Reinforce LLMs Step-by-step without Human Annotations}, 
      author={Peiyi Wang and Lei Li and Zhihong Shao and R. X. Xu and Damai Dai and Yifei Li and Deli Chen and Y. Wu and Zhifang Sui},
      year={2023},
      eprint={2312.08935},
      archivePrefix={arXiv},
      primaryClass={cs.AI}
}

@misc{anil2023palm,
      title={PaLM 2 Technical Report}, 
      author={Rohan Anil and Andrew M. Dai and Orhan Firat and Melvin Johnson and Dmitry Lepikhin and Alexandre Passos and Siamak Shakeri and Emanuel Taropa and Paige Bailey and Zhifeng Chen and Eric Chu and Jonathan H. Clark and Laurent El Shafey and Yanping Huang and Kathy Meier-Hellstern and Gaurav Mishra and Erica Moreira and Mark Omernick and Kevin Robinson and Sebastian Ruder and Yi Tay and Kefan Xiao and Yuanzhong Xu and Yujing Zhang and Gustavo Hernandez Abrego and Junwhan Ahn and Jacob Austin and Paul Barham and Jan Botha and James Bradbury and Siddhartha Brahma and Kevin Brooks and Michele Catasta and Yong Cheng and Colin Cherry and Christopher A. Choquette-Choo and Aakanksha Chowdhery and Clément Crepy and Shachi Dave and Mostafa Dehghani and Sunipa Dev and Jacob Devlin and Mark Díaz and Nan Du and Ethan Dyer and Vlad Feinberg and Fangxiaoyu Feng and Vlad Fienber and Markus Freitag and Xavier Garcia and Sebastian Gehrmann and Lucas Gonzalez and Guy Gur-Ari and Steven Hand and Hadi Hashemi and Le Hou and Joshua Howland and Andrea Hu and Jeffrey Hui and Jeremy Hurwitz and Michael Isard and Abe Ittycheriah and Matthew Jagielski and Wenhao Jia and Kathleen Kenealy and Maxim Krikun and Sneha Kudugunta and Chang Lan and Katherine Lee and Benjamin Lee and Eric Li and Music Li and Wei Li and YaGuang Li and Jian Li and Hyeontaek Lim and Hanzhao Lin and Zhongtao Liu and Frederick Liu and Marcello Maggioni and Aroma Mahendru and Joshua Maynez and Vedant Misra and Maysam Moussalem and Zachary Nado and John Nham and Eric Ni and Andrew Nystrom and Alicia Parrish and Marie Pellat and Martin Polacek and Alex Polozov and Reiner Pope and Siyuan Qiao and Emily Reif and Bryan Richter and Parker Riley and Alex Castro Ros and Aurko Roy and Brennan Saeta and Rajkumar Samuel and Renee Shelby and Ambrose Slone and Daniel Smilkov and David R. So and Daniel Sohn and Simon Tokumine and Dasha Valter and Vijay Vasudevan and Kiran Vodrahalli and Xuezhi Wang and Pidong Wang and Zirui Wang and Tao Wang and John Wieting and Yuhuai Wu and Kelvin Xu and Yunhan Xu and Linting Xue and Pengcheng Yin and Jiahui Yu and Qiao Zhang and Steven Zheng and Ce Zheng and Weikang Zhou and Denny Zhou and Slav Petrov and Yonghui Wu},
      year={2023},
      eprint={2305.10403},
      archivePrefix={arXiv},
      primaryClass={cs.CL}
}

@misc{hendrycks2021measuring,
      title={Measuring Mathematical Problem Solving With the MATH Dataset}, 
      author={Dan Hendrycks and Collin Burns and Saurav Kadavath and Akul Arora and Steven Basart and Eric Tang and Dawn Song and Jacob Steinhardt},
      year={2021},
      eprint={2103.03874},
      archivePrefix={arXiv},
      primaryClass={cs.LG}
}

@misc{lewkowycz2022solving,
      title={Solving Quantitative Reasoning Problems with Language Models}, 
      author={Aitor Lewkowycz and Anders Andreassen and David Dohan and Ethan Dyer and Henryk Michalewski and Vinay Ramasesh and Ambrose Slone and Cem Anil and Imanol Schlag and Theo Gutman-Solo and Yuhuai Wu and Behnam Neyshabur and Guy Gur-Ari and Vedant Misra},
      year={2022},
      eprint={2206.14858},
      archivePrefix={arXiv},
      primaryClass={cs.CL}
}

@misc{openai2024gpt4,
      title={GPT-4 Technical Report}, 
      author={OpenAI},
      year={2024},
      eprint={2303.08774},
      archivePrefix={arXiv},
      primaryClass={cs.CL}
}

@misc{geminiteam2024gemini,
      title={Gemini 1.5: Unlocking multimodal understanding across millions of tokens of context}, 
      author={Gemini Team},
      year={2024},
      eprint={2403.05530},
      archivePrefix={arXiv},
      primaryClass={cs.CL}
}

@misc{shao2024deepseekmath,
      title={DeepSeekMath: Pushing the Limits of Mathematical Reasoning in Open Language Models}, 
      author={Zhihong Shao and Peiyi Wang and Qihao Zhu and Runxin Xu and Junxiao Song and Xiao Bi and Haowei Zhang and Mingchuan Zhang and Y. K. Li and Y. Wu and Daya Guo},
      year={2024},
      eprint={2402.03300},
      archivePrefix={arXiv},
      primaryClass={cs.CL}
}

@misc{singh2024human,
      title={Beyond Human Data: Scaling Self-Training for Problem-Solving with Language Models}, 
      author={Avi Singh and John D. Co-Reyes and Rishabh Agarwal and Ankesh Anand and Piyush Patil and Xavier Garcia and Peter J. Liu and James Harrison and Jaehoon Lee and Kelvin Xu and Aaron Parisi and Abhishek Kumar and Alex Alemi and Alex Rizkowsky and Azade Nova and Ben Adlam and Bernd Bohnet and Gamaleldin Elsayed and Hanie Sedghi and Igor Mordatch and Isabelle Simpson and Izzeddin Gur and Jasper Snoek and Jeffrey Pennington and Jiri Hron and Kathleen Kenealy and Kevin Swersky and Kshiteej Mahajan and Laura Culp and Lechao Xiao and Maxwell L. Bileschi and Noah Constant and Roman Novak and Rosanne Liu and Tris Warkentin and Yundi Qian and Yamini Bansal and Ethan Dyer and Behnam Neyshabur and Jascha Sohl-Dickstein and Noah Fiedel},
      year={2024},
      eprint={2312.06585},
      archivePrefix={arXiv},
      primaryClass={cs.LG}
}

@misc{li2023making,
      title={Making Large Language Models Better Reasoners with Step-Aware Verifier}, 
      author={Yifei Li and Zeqi Lin and Shizhuo Zhang and Qiang Fu and Bei Chen and Jian-Guang Lou and Weizhu Chen},
      year={2023},
      eprint={2206.02336},
      archivePrefix={arXiv},
      primaryClass={cs.CL}
}

@misc{yao2023tree,
      title={Tree of Thoughts: Deliberate Problem Solving with Large Language Models}, 
      author={Shunyu Yao and Dian Yu and Jeffrey Zhao and Izhak Shafran and Thomas L. Griffiths and Yuan Cao and Karthik Narasimhan},
      year={2023},
      eprint={2305.10601},
      archivePrefix={arXiv},
      primaryClass={cs.CL}
}

@misc{yuan2023scaling,
      title={Scaling Relationship on Learning Mathematical Reasoning with Large Language Models}, 
      author={Zheng Yuan and Hongyi Yuan and Chengpeng Li and Guanting Dong and Keming Lu and Chuanqi Tan and Chang Zhou and Jingren Zhou},
      year={2023},
      eprint={2308.01825},
      archivePrefix={arXiv},
      primaryClass={cs.CL}
}

@misc{sardana2023chinchillaoptimal,
      title={Beyond Chinchilla-Optimal: Accounting for Inference in Language Model Scaling Laws}, 
      author={Nikhil Sardana and Jonathan Frankle},
      year={2023},
      eprint={2401.00448},
      archivePrefix={arXiv},
      primaryClass={cs.LG}
}

@misc{shinn2023reflexion,
      title={Reflexion: Language Agents with Verbal Reinforcement Learning}, 
      author={Noah Shinn and Federico Cassano and Edward Berman and Ashwin Gopinath and Karthik Narasimhan and Shunyu Yao},
      year={2023},
      eprint={2303.11366},
      archivePrefix={arXiv},
      primaryClass={id='cs.AI' full_name='Artificial Intelligence' is_active=True alt_name=None in_archive='cs' is_general=False description='Covers all areas of AI except Vision, Robotics, Machine Learning, Multiagent Systems, and Computation and Language (Natural Language Processing), which have separate subject areas. In particular, includes Expert Systems, Theorem Proving (although this may overlap with Logic in Computer Science), Knowledge Representation, Planning, and Uncertainty in AI. Roughly includes material in ACM Subject Classes I.2.0, I.2.1, I.2.3, I.2.4, I.2.8, and I.2.11.'}
}

@misc{wei2023chainofthought,
      title={Chain-of-Thought Prompting Elicits Reasoning in Large Language Models}, 
      author={Jason Wei and Xuezhi Wang and Dale Schuurmans and Maarten Bosma and Brian Ichter and Fei Xia and Ed Chi and Quoc Le and Denny Zhou},
      year={2023},
      eprint={2201.11903},
      archivePrefix={arXiv},
      primaryClass={id='cs.CL' full_name='Computation and Language' is_active=True alt_name='cmp-lg' in_archive='cs' is_general=False description='Covers natural language processing. Roughly includes material in ACM Subject Class I.2.7. Note that work on artificial languages (programming languages, logics, formal systems) that does not explicitly address natural-language issues broadly construed (natural-language processing, computational linguistics, speech, text retrieval, etc.) is not appropriate for this area.'}
}

@article{andrieu2003introduction,
  title={An Introduction to MCMC for Machine Learning},
  author={Andrieu, Christophe and De Freitas, Nando and Doucet, Arnaud and Jordan, Michael I},
  year={2003}
}

@misc{hoffmann2022training,
      title={Training Compute-Optimal Large Language Models}, 
      author={Jordan Hoffmann and Sebastian Borgeaud and Arthur Mensch and Elena Buchatskaya and Trevor Cai and Eliza Rutherford and Diego de Las Casas and Lisa Anne Hendricks and Johannes Welbl and Aidan Clark and Tom Hennigan and Eric Noland and Katie Millican and George van den Driessche and Bogdan Damoc and Aurelia Guy and Simon Osindero and Karen Simonyan and Erich Elsen and Jack W. Rae and Oriol Vinyals and Laurent Sifre},
      year={2022},
      eprint={2203.15556},
      archivePrefix={arXiv},
      primaryClass={id='cs.CL' full_name='Computation and Language' is_active=True alt_name='cmp-lg' in_archive='cs' is_general=False description='Covers natural language processing. Roughly includes material in ACM Subject Class I.2.7. Note that work on artificial languages (programming languages, logics, formal systems) that does not explicitly address natural-language issues broadly construed (natural-language processing, computational linguistics, speech, text retrieval, etc.) is not appropriate for this area.'}
}

@misc{welleck2022generatingsequenceslearningselfcorrect,
      title={Generating Sequences by Learning to Self-Correct}, 
      author={Sean Welleck and Ximing Lu and Peter West and Faeze Brahman and Tianxiao Shen and Daniel Khashabi and Yejin Choi},
      year={2022},
      eprint={2211.00053},
      archivePrefix={arXiv},
      primaryClass={cs.CL},
      url={https://arxiv.org/abs/2211.00053}, 
}

@misc{jones2021scalingscalinglawsboard,
      title={Scaling Scaling Laws with Board Games}, 
      author={Andy L. Jones},
      year={2021},
      eprint={2104.03113},
      archivePrefix={arXiv},
      primaryClass={cs.LG},
      url={https://arxiv.org/abs/2104.03113}, 
}

@misc{silver2017masteringchessshogiselfplay,
      title={Mastering Chess and Shogi by Self-Play with a General Reinforcement Learning Algorithm}, 
      author={David Silver and Thomas Hubert and Julian Schrittwieser and Ioannis Antonoglou and Matthew Lai and Arthur Guez and Marc Lanctot and Laurent Sifre and Dharshan Kumaran and Thore Graepel and Timothy Lillicrap and Karen Simonyan and Demis Hassabis},
      year={2017},
      eprint={1712.01815},
      archivePrefix={arXiv},
      primaryClass={cs.AI},
      url={https://arxiv.org/abs/1712.01815}, 
}

@misc{anthony2017thinkingfastslowdeep,
      title={Thinking Fast and Slow with Deep Learning and Tree Search}, 
      author={Thomas Anthony and Zheng Tian and David Barber},
      year={2017},
      eprint={1705.08439},
      archivePrefix={arXiv},
      primaryClass={cs.AI},
      url={https://arxiv.org/abs/1705.08439}, 
}

@misc{blakeney2024doesdatasparkjoy,
      title={Does your data spark joy? Performance gains from domain upsampling at the end of training}, 
      author={Cody Blakeney and Mansheej Paul and Brett W. Larsen and Sean Owen and Jonathan Frankle},
      year={2024},
      eprint={2406.03476},
      archivePrefix={arXiv},
      primaryClass={cs.LG},
      url={https://arxiv.org/abs/2406.03476}, 
}

@article{llmcriticscatchbugs,
author={McAleese, Nat and Pokorny, Rai and Cerón Uribe, Juan Felipe and Nitishinskaya, Evgenia and Trębacz, Maja and Leike, Jan},
title={LLM Critics Help Catch LLM Bugs},
journal = {OpenAI},
year = {2024}
}

@misc{welleck2024decodingmetagenerationinferencetimealgorithms,
      title={From Decoding to Meta-Generation: Inference-time Algorithms for Large Language Models}, 
      author={Sean Welleck and Amanda Bertsch and Matthew Finlayson and Hailey Schoelkopf and Alex Xie and Graham Neubig and Ilia Kulikov and Zaid Harchaoui},
      year={2024},
      eprint={2406.16838},
      archivePrefix={arXiv},
      primaryClass={cs.CL},
      url={https://arxiv.org/abs/2406.16838}, 
}

@misc{epoch2023tradingoffcomputeintrainingandinference,
  title={Trading Off Compute in Training and Inference},
  author={Pablo Villalobos and David Atkinson},
  year={2023},
  url={https://epochai.org/blog/trading-off-compute-in-training-and-inference},
  note={Accessed: 2024-07-03}
}

@misc{zelikman2024quietstarlanguagemodelsteach,
      title={Quiet-STaR: Language Models Can Teach Themselves to Think Before Speaking}, 
      author={Eric Zelikman and Georges Harik and Yijia Shao and Varuna Jayasiri and Nick Haber and Noah D. Goodman},
      year={2024},
      eprint={2403.09629},
      archivePrefix={arXiv},
      primaryClass={cs.CL},
      url={https://arxiv.org/abs/2403.09629}, 
}

@inproceedings{kocsis2006bandit,
title={Bandit based monte-carlo planning},
author={Kocsis, Levente and Szepesv{'a}ri, Csaba},
booktitle={European conference on machine learning},
pages={282--293},
year={2006},
organization={Springer}
}

@misc{wang2024hypothesissearchinductivereasoning,
      title={Hypothesis Search: Inductive Reasoning with Language Models}, 
      author={Ruocheng Wang and Eric Zelikman and Gabriel Poesia and Yewen Pu and Nick Haber and Noah D. Goodman},
      year={2024},
      eprint={2309.05660},
      archivePrefix={arXiv},
      primaryClass={cs.LG},
      url={https://arxiv.org/abs/2309.05660}, 
}

@misc{ellis2020dreamcodergrowinggeneralizableinterpretable,
      title={DreamCoder: Growing generalizable, interpretable knowledge with wake-sleep Bayesian program learning}, 
      author={Kevin Ellis and Catherine Wong and Maxwell Nye and Mathias Sable-Meyer and Luc Cary and Lucas Morales and Luke Hewitt and Armando Solar-Lezama and Joshua B. Tenenbaum},
      year={2020},
      eprint={2006.08381},
      archivePrefix={arXiv},
      primaryClass={cs.AI},
      url={https://arxiv.org/abs/2006.08381}, 
}

@misc{gao2023palprogramaidedlanguagemodels,
      title={PAL: Program-aided Language Models}, 
      author={Luyu Gao and Aman Madaan and Shuyan Zhou and Uri Alon and Pengfei Liu and Yiming Yang and Jamie Callan and Graham Neubig},
      year={2023},
      eprint={2211.10435},
      archivePrefix={arXiv},
      primaryClass={cs.CL},
      url={https://arxiv.org/abs/2211.10435}, 
}

@misc{qin2023toolllmfacilitatinglargelanguage,
      title={ToolLLM: Facilitating Large Language Models to Master 16000+ Real-world APIs}, 
      author={Yujia Qin and Shihao Liang and Yining Ye and Kunlun Zhu and Lan Yan and Yaxi Lu and Yankai Lin and Xin Cong and Xiangru Tang and Bill Qian and Sihan Zhao and Lauren Hong and Runchu Tian and Ruobing Xie and Jie Zhou and Mark Gerstein and Dahai Li and Zhiyuan Liu and Maosong Sun},
      year={2023},
      eprint={2307.16789},
      archivePrefix={arXiv},
      primaryClass={cs.AI},
      url={https://arxiv.org/abs/2307.16789}, 
}

@misc{qu2024toollearninglargelanguage,
      title={Tool Learning with Large Language Models: A Survey}, 
      author={Changle Qu and Sunhao Dai and Xiaochi Wei and Hengyi Cai and Shuaiqiang Wang and Dawei Yin and Jun Xu and Ji-Rong Wen},
      year={2024},
      eprint={2405.17935},
      archivePrefix={arXiv},
      primaryClass={cs.CL},
      url={https://arxiv.org/abs/2405.17935}, 
}

@misc{goyal2024thinkspeaktraininglanguage,
      title={Think before you speak: Training Language Models With Pause Tokens}, 
      author={Sachin Goyal and Ziwei Ji and Ankit Singh Rawat and Aditya Krishna Menon and Sanjiv Kumar and Vaishnavh Nagarajan},
      year={2024},
      eprint={2310.02226},
      archivePrefix={arXiv},
      primaryClass={cs.CL},
      url={https://arxiv.org/abs/2310.02226}, 
}

@misc{sharma2024criticalevaluationaifeedback,
      title={A Critical Evaluation of AI Feedback for Aligning Large Language Models}, 
      author={Archit Sharma and Sedrick Keh and Eric Mitchell and Chelsea Finn and Kushal Arora and Thomas Kollar},
      year={2024},
      eprint={2402.12366},
      archivePrefix={arXiv},
      primaryClass={cs.LG},
      url={https://arxiv.org/abs/2402.12366}, 
}

@misc{touvron2023llama2openfoundation,
      title={Llama 2: Open Foundation and Fine-Tuned Chat Models}, 
      author={Hugo Touvron and Louis Martin and Kevin Stone and Peter Albert and Amjad Almahairi and Yasmine Babaei and Nikolay Bashlykov and Soumya Batra and Prajjwal Bhargava and Shruti Bhosale and Dan Bikel and Lukas Blecher and Cristian Canton Ferrer and Moya Chen and Guillem Cucurull and David Esiobu and Jude Fernandes and Jeremy Fu and Wenyin Fu and Brian Fuller and Cynthia Gao and Vedanuj Goswami and Naman Goyal and Anthony Hartshorn and Saghar Hosseini and Rui Hou and Hakan Inan and Marcin Kardas and Viktor Kerkez and Madian Khabsa and Isabel Kloumann and Artem Korenev and Punit Singh Koura and Marie-Anne Lachaux and Thibaut Lavril and Jenya Lee and Diana Liskovich and Yinghai Lu and Yuning Mao and Xavier Martinet and Todor Mihaylov and Pushkar Mishra and Igor Molybog and Yixin Nie and Andrew Poulton and Jeremy Reizenstein and Rashi Rungta and Kalyan Saladi and Alan Schelten and Ruan Silva and Eric Michael Smith and Ranjan Subramanian and Xiaoqing Ellen Tan and Binh Tang and Ross Taylor and Adina Williams and Jian Xiang Kuan and Puxin Xu and Zheng Yan and Iliyan Zarov and Yuchen Zhang and Angela Fan and Melanie Kambadur and Sharan Narang and Aurelien Rodriguez and Robert Stojnic and Sergey Edunov and Thomas Scialom},
      year={2023},
      eprint={2307.09288},
      archivePrefix={arXiv},
      primaryClass={cs.CL},
      url={https://arxiv.org/abs/2307.09288}, 
}

