

@article{eysenbach2018diversity,
  title={Diversity is all you need: Learning skills without a reward function},
  author={Eysenbach, Benjamin and Gupta, Abhishek and Ibarz, Julian and Levine, Sergey},
  journal={arXiv preprint arXiv:1802.06070},
  year={2018}
}

@article{mohamed2015variational,
  title={Variational information maximisation for intrinsically motivated reinforcement learning},
  author={Mohamed, Shakir and Rezende, Danilo Jimenez},
  journal={arXiv preprint arXiv:1509.08731},
  year={2015}
}

@article{eccles2019biases,
  title={Biases for emergent communication in multi-agent reinforcement learning},
  author={Eccles, Tom and Bachrach, Yoram and Lever, Guy and Lazaridou, Angeliki and Graepel, Thore},
  journal={arXiv preprint arXiv:1912.05676},
  year={2019}
}

@inproceedings{li2020learning,
  title={Learning user-preferred mappings for intuitive robot control},
  author={Li, Mengxi and Losey, Dylan P and Bohg, Jeannette and Sadigh, Dorsa},
  booktitle={IEEE Conference on Intelligent Robots and Systems},
  year={2020}
}

@article{prorokovic2020meta,
  title={Meta-Learning for Recalibration of EMG-Based Upper Limb Prostheses},
  author={Prorokovi{\'c}, Krsto and Wand, Michael and Schmidhuber, J{\"u}rgen},
  year={2020}
}

@article{willett2020high,
  title={High-performance brain-to-text communication via imagined handwriting},
  author={Willett, Francis R and Avansino, Donald T and Hochberg, Leigh R and Henderson, Jaimie M and Shenoy, Krishna V},
  journal={bioRxiv},
  year={2020}
}

@article{white2019population,
  title={Population-scale hand tremor analysis via anonymized mouse cursor signals},
  author={White, Ryen W and Horvitz, Eric},
  journal={NPJ Digital Medicine},
  year={2019}
}

@article{anumanchipalli2019speech,
  title={Speech synthesis from neural decoding of spoken sentences},
  author={Anumanchipalli, Gopala K and Chartier, Josh and Chang, Edward F},
  journal={Nature},
  year={2019}
}

@article{muelling2015autonomy,
  title={Autonomy infused teleoperation with application to {BCI} manipulation},
  author={Muelling, Katharina and Venkatraman, Arun and Valois, Jean-Sebastien and Downey, John and Weiss, Jeffrey and Javdani, Shervin and Hebert, Martial and Schwartz, Andrew B and Collinger, Jennifer L and Bagnell, J Andrew},
  journal={arXiv preprint arXiv:1503.05451},
  year={2015}
}

@article{gilja2012high,
  title={A high-performance neural prosthesis enabled by control algorithm design},
  author={Gilja, Vikash and Nuyujukian, Paul and Chestek, Cindy A and Cunningham, John P and Byron, M Yu and Fan, Joline M and Churchland, Mark M and Kaufman, Matthew T and Kao, Jonathan C and Ryu, Stephen I and others},
  journal={Nature neuroscience},
  year={2012}
}

@article{dangi2013design,
  title={Design and analysis of closed-loop decoder adaptation algorithms for brain-machine interfaces},
  author={Dangi, Siddharth and Orsborn, Amy L and Moorman, Helene G and Carmena, Jose M},
  journal={Neural computation},
  year={2013}
}

@article{dangi2014continuous,
  title={Continuous closed-loop decoder adaptation with a recursive maximum likelihood algorithm allows for rapid performance acquisition in brain-machine interfaces},
  author={Dangi, Siddharth and Gowda, Suraj and Moorman, Helene G and Orsborn, Amy L and So, Kelvin and Shanechi, Maryam and Carmena, Jose M},
  journal={Neural computation},
  year={2014}
}

@article{merel2015neuroprosthetic,
  title={Neuroprosthetic decoder training as imitation learning},
  author={Merel, Josh and Carlson, David and Paninski, Liam and Cunningham, John P},
  journal={arXiv preprint arXiv:1511.04156},
  year={2015}
}

@inproceedings{krafka2016eye,
  title={Eye tracking for everyone},
  author={Krafka, Kyle and Khosla, Aditya and Kellnhofer, Petr and Kannan, Harini and Bhandarkar, Suchendra and Matusik, Wojciech and Torralba, Antonio},
  booktitle={IEEE Conference on Computer Vision and Pattern Recognition},
  year={2016}
}

@article{gordon2019adaptive,
  title={Adaptive Robot-Assisted Feeding: An Online Learning Framework for Acquiring Previously-Unseen Food Items},
  author={Gordon, Ethan K and Meng, Xiang and Barnes, Matt and Bhattacharjee, Tapomayukh and Srinivasa, Siddhartha S},
  journal={arXiv preprint arXiv:1908.07088},
  year={2019}
}

@inproceedings{lan2016contextual,
  title={A Contextual Bandits Framework for Personalized Learning Action Selection.},
  author={Lan, Andrew S and Baraniuk, Richard G},
  booktitle={Educational Data Mining},
  year={2016}
}

@article{wang2016learning,
  title={Learning language games through interaction},
  author={Wang, Sida I and Liang, Percy and Manning, Christopher D},
  journal={arXiv preprint arXiv:1606.02447},
  year={2016}
}

@inproceedings{jaques2017sequence,
  title={Sequence tutor: Conservative fine-tuning of sequence generation models with {KL}-control},
  author={Jaques, Natasha and Gu, Shixiang and Bahdanau, Dzmitry and Hern{\'a}ndez-Lobato, Jos{\'e} Miguel and Turner, Richard E and Eck, Douglas},
  booktitle={International Conference on Machine Learning},
  year={2017}
}

@article{dathathri2019plug,
  title={Plug and play language models: a simple approach to controlled text generation},
  author={Dathathri, Sumanth and Madotto, Andrea and Lan, Janice and Hung, Jane and Frank, Eric and Molino, Piero and Yosinski, Jason and Liu, Rosanne},
  journal={arXiv preprint arXiv:1912.02164},
  year={2019}
}

@article{reddy2018shared,
  title={Shared autonomy via deep reinforcement learning},
  author={Reddy, Siddharth and Dragan, Anca D and Levine, Sergey},
  journal={arXiv preprint arXiv:1802.01744},
  year={2018}
}

@article{schaff2020residual,
  title={Residual Policy Learning for Shared Autonomy},
  author={Schaff, Charles and Walter, Matthew R},
  journal={arXiv preprint arXiv:2004.05097},
  year={2020}
}

@article{du2020ave,
  title={{AvE}: Assistance via Empowerment},
  author={Du, Yuqing and Tiomkin, Stas and Kiciman, Emre and Polani, Daniel and Abbeel, Pieter and Dragan, Anca},
  journal={arXiv preprint arXiv:2006.14796},
  year={2020}
}

@inproceedings{bragg2020fake,
  title={Fake it till you make it: Learning-compatible performance support},
  author={Bragg, Jonathan and Brunskill, Emma},
  booktitle={Uncertainty in Artificial Intelligence},
  year={2020},
}

@article{macglashan2017interactive,
  title={Interactive learning from policy-dependent human feedback},
  author={MacGlashan, James and Ho, Mark K and Loftin, Robert and Peng, Bei and Roberts, David and Taylor, Matthew E and Littman, Michael L},
  journal={arXiv preprint arXiv:1701.06049},
  year={2017}
}

@article{arumugam2019deep,
  title={Deep reinforcement learning from policy-dependent human feedback},
  author={Arumugam, Dilip and Lee, Jun Ki and Saskin, Sophie and Littman, Michael L},
  journal={arXiv preprint arXiv:1902.04257},
  year={2019}
}

@article{warnell2017deep,
  title={Deep {TAMER}: Interactive agent shaping in high-dimensional state spaces},
  author={Warnell, Garrett and Waytowich, Nicholas and Lawhern, Vernon and Stone, Peter},
  journal={arXiv preprint arXiv:1709.10163},
  year={2017}
}

@inproceedings{knox2009interactively,
  title={Interactively shaping agents via human reinforcement: The {TAMER} framework},
  author={Knox, W Bradley and Stone, Peter},
  booktitle={International Conference on Knowledge Capture},
  year={2009}
}

@inproceedings{ward2000dasher,
  title={Dasherâ€”a data entry interface using continuous gestures and language models},
  author={Ward, David J and Blackwell, Alan F and MacKay, David J C},
  booktitle={ACM Symposium on User Interface Software and Technology},
  year={2000}
}

@article{kudo2011mozc,
  title={Mozc: A statistical kanakanji conversion system},
  author={Kudo, Taku and Komatsu, Taiyaki and Hanaoka, Toshiyuki and Mukai, Jun and Tabata, Yusuke},
  journal={Proceedings of Japan Natural Language Processing},
  year={2011}
}

@book{lattimore2020bandit,
  title={Bandit algorithms},
  author={Lattimore, Tor and Szepesv{\'a}ri, Csaba},
  year={2020},
  publisher={Cambridge University Press}
}

@inproceedings{yue2009interactively,
  title={Interactively optimizing information retrieval systems as a dueling bandits problem},
  author={Yue, Yisong and Joachims, Thorsten},
  booktitle={International Conference on Machine Learning},
  year={2009}
}

@inproceedings{langford2008epoch,
  title={The epoch-greedy algorithm for multi-armed bandits with side information},
  author={Langford, John and Zhang, Tong},
  booktitle={Neural Information Processing Systems},
  year={2008}
}

@inproceedings{li2010contextual,
  title={A contextual-bandit approach to personalized news article recommendation},
  author={Li, Lihong and Chu, Wei and Langford, John and Schapire, Robert E},
  booktitle={International Conference on World Wide Web},
  year={2010}
}

@inproceedings{christiano2017deep,
  title={Deep reinforcement learning from human preferences},
  author={Christiano, Paul F and Leike, Jan and Brown, Tom and Martic, Miljan and Legg, Shane and Amodei, Dario},
  booktitle={Neural Information Processing Systems},
  year={2017}
}

@inproceedings{dorsa2017active,
  title={Active preference-based learning of reward functions},
  author={Sadigh, Dorsa and Dragan, Anca D and Sastry, Shankar and Seshia, Sanjit A},
  booktitle={Robotics: Science and Systems},
  year={2017}
}

@inproceedings{chan2016listen,
  title={Listen, attend and spell: A neural network for large vocabulary conversational speech recognition},
  author={Chan, William and Jaitly, Navdeep and Le, Quoc and Vinyals, Oriol},
  booktitle={IEEE International Conference on Acoustics, Speech and Signal Processing},
  year={2016}
}

@book{mackenzie2010text,
  title={Text entry systems: Mobility, accessibility, universality},
  author={MacKenzie, I Scott and Tanaka-Ishii, Kumiko},
  year={2010}
}

@inproceedings{oliveira2011brailletype,
  title={BrailleType: unleashing braille over touch screen mobile phones},
  author={Oliveira, Jo{\~a}o and Guerreiro, Tiago and Nicolau, Hugo and Jorge, Joaquim and Gon{\c{c}}alves, Daniel},
  booktitle={IFIP Conference on Human-Computer Interaction},
  year={2011}
}

@inproceedings{jones2010gestext,
  title={GesText: accelerometer-based gestural text-entry systems},
  author={Jones, Eleanor and Alexander, Jason and Andreou, Andreas and Irani, Pourang and Subramanian, Sriram},
  booktitle={SIGCHI Conference on Human Factors in Computing Systems},
  year={2010}
}

@inproceedings{wang2015palmtype,
  title={PalmType: Using palms as keyboards for smart glasses},
  author={Wang, Cheng-Yao and Chu, Wei-Chen and Chiu, Po-Tsung and Hsiu, Min-Chieh and Chiang, Yih-Harn and Chen, Mike Y},
  booktitle={International Conference on Human-Computer Interaction with Mobile Devices and Services},
  year={2015}
}

@inproceedings{mackenzie20111,
  title={1 thumb, 4 buttons, 20 words per minute: Design and evaluation of H4-Writer},
  author={MacKenzie, I Scott and Soukoreff, R William and Helga, Joanna},
  booktitle={ACM Symposium on User Interface Software and Technology},
  year={2011}
}

@inproceedings{llorens2008ujipenchars,
  title={The UJIpenchars Database: a Pen-Based Database of Isolated Handwritten Characters.},
  author={Llorens, David and Prat, Federico and Marzal, Andr{\'e}s and Vilar, Juan Miguel and Castro, Mar{\'\i}a Jos{\'e} and Amengual, Juan-Carlos and Barrachina, Sergio and Castellanos, Antonio and Boquera, Salvador Espana and G{\'o}mez, Jon Ander and others},
  booktitle={International Conference on Language Resources and Evaluation},
  year={2008}
}

@inproceedings{chan2019assistive,
  title={The assistive multi-armed bandit},
  author={Chan, Lawrence and Hadfield-Menell, Dylan and Srinivasa, Siddhartha and Dragan, Anca},
  booktitle={ACM/IEEE International Conference on Human-Robot Interaction (HRI)},
  year={2019}
}

@book{sutton2018reinforcement,
  title={Reinforcement learning: An introduction},
  author={Sutton, Richard S and Barto, Andrew G},
  year={2018}
}

@article{xu2020accelerating,
  title={Accelerating Reinforcement Learning Agent with {EEG}-based Implicit Human Feedback},
  author={Xu, Duo and Agarwal, Mohit and Fekri, Faramarz and Sivakumar, Raghupathy},
  journal={arXiv preprint arXiv:2006.16498},
  year={2020}
}

@inproceedings{
mcduff2018visceral,
title={Visceral Machines: Reinforcement Learning with Intrinsic Physiological Rewards},
author={Daniel McDuff and Ashish Kapoor},
booktitle={International Conference on Learning Representations},
year={2019},
url={https://openreview.net/forum?id=SyNvti09KQ},
}

@article{jaques2018learning,
  title={Learning via social awareness: Improving a deep generative sketching model with facial feedback},
  author={Jaques, Natasha and McCleary, Jennifer and Engel, Jesse and Ha, David and Bertsch, Fred and Picard, Rosalind and Eck, Douglas},
  journal={arXiv preprint arXiv:1802.04877},
  year={2018}
}

@inproceedings{jaques2019social,
  title={Social influence as intrinsic motivation for multi-agent deep reinforcement learning},
  author={Jaques, Natasha and Lazaridou, Angeliki and Hughes, Edward and Gulcehre, Caglar and Ortega, Pedro and Strouse, DJ and Leibo, Joel Z and De Freitas, Nando},
  booktitle={International Conference on Machine Learning},
  year={2019}
}

@article{radlinski2006evaluating,
  title={Evaluating the robustness of learning from implicit feedback},
  author={Radlinski, Filip and Joachims, Thorsten},
  journal={arXiv preprint cs/0605036},
  year={2006}
}

@article{collier2018deep,
  title={Deep contextual multi-armed bandits},
  author={Collier, Mark and Llorens, Hector Urdiales},
  journal={arXiv preprint arXiv:1807.09809},
  year={2018}
}

@article{zhou2019neural,
  title={Neural Contextual Bandits with Upper Confidence Bound-Based Exploration},
  author={Zhou, Dongruo and Li, Lihong and Gu, Quanquan},
  journal={arXiv preprint arXiv:1911.04462},
  year={2019}
}

@inproceedings{cohen2017emnist,
  title={EMNIST: Extending MNIST to handwritten letters},
  author={Cohen, Gregory and Afshar, Saeed and Tapson, Jonathan and Van Schaik, Andre},
  booktitle={International Joint Conference on Neural Networks},
  year={2017}
}

@article{dai2019transformer,
  title={Transformer-xl: Attentive language models beyond a fixed-length context},
  author={Dai, Zihang and Yang, Zhilin and Yang, Yiming and Carbonell, Jaime and Le, Quoc V and Salakhutdinov, Ruslan},
  journal={arXiv preprint arXiv:1901.02860},
  year={2019}
}

@article{levine2018reinforcement,
  title={Reinforcement learning and control as probabilistic inference: Tutorial and review},
  author={Levine, Sergey},
  journal={arXiv preprint arXiv:1805.00909},
  year={2018}
}

@inproceedings{broad2017learning,
  title={Learning models for shared control of human-machine systems with unknown dynamics},
  author={Broad, Alexander and Murphey, Todd David and Argall, Brenna Dee},
  booktitle={Robotics: Science and Systems},
  year={2017}
}

@article{jeon2020shared,
  title={Shared Autonomy with Learned Latent Actions},
  author={Jeon, Hong Jun and Losey, Dylan P and Sadigh, Dorsa},
  journal={arXiv preprint arXiv:2005.03210},
  year={2020}
}

@inproceedings{pilarski2011online,
  title={Online human training of a myoelectric prosthesis controller via actor-critic reinforcement learning},
  author={Pilarski, Patrick M and Dawson, Michael R and Degris, Thomas and Fahimi, Farbod and Carey, Jason P and Sutton, Richard S},
  booktitle={IEEE International Conference on Rehabilitation Robotics},
  year={2011}
}

@article{kingma2014adam,
  title={Adam: A method for stochastic optimization},
  author={Kingma, Diederik P and Ba, Jimmy},
  journal={arXiv preprint arXiv:1412.6980},
  year={2014}
}

@misc{wrench1999mocha,
  title={The MOCHA-TIMIT Articulatory Database},
  author={Wrench, Alan},
  year={1999}
}

@article{hawkins2020characterizing,
  title={Characterizing the dynamics of learning in repeated reference games},
  author={Hawkins, Robert D and Frank, Michael C and Goodman, Noah D},
  journal={Cognitive Science},
  year={2020}
}

@techreport{makin2020machine,
  title={Machine translation of cortical activity to text with an encoder--decoder framework},
  author={Makin, Joseph G and Moses, David A and Chang, Edward F},
  year={2020}
}

@article{chelba2013one,
  title={One billion word benchmark for measuring progress in statistical language modeling},
  author={Chelba, Ciprian and Mikolov, Tomas and Schuster, Mike and Ge, Qi and Brants, Thorsten and Koehn, Phillipp and Robinson, Tony},
  journal={arXiv preprint arXiv:1312.3005},
  year={2013}
}

@article{hawkins2019continual,
  title={Continual adaptation for efficient machine communication},
  author={Hawkins, Robert D and Kwon, Minae and Sadigh, Dorsa and Goodman, Noah D},
  journal={arXiv preprint arXiv:1911.09896},
  year={2019}
}

@article{karamcheti2020learning,
  title={Learning Adaptive Language Interfaces through Decomposition},
  author={Karamcheti, Siddharth and Sadigh, Dorsa and Liang, Percy},
  journal={arXiv preprint arXiv:2010.05190},
  year={2020}
}

@article{cui2020empathic,
  title={The EMPATHIC Framework for Task Learning from Implicit Human Feedback},
  author={Cui, Yuchen and Zhang, Qiping and Allievi, Alessandro and Stone, Peter and Niekum, Scott and Knox, W Bradley},
  journal={arXiv preprint arXiv:2009.13649},
  year={2020}
}

@article{simchi2020bypassing,
  title={Bypassing the Monster: A Faster and Simpler Optimal Algorithm for Contextual Bandits under Realizability},
  author={Simchi-Levi, David and Xu, Yunzong},
  journal={arXiv preprint arXiv:2003.12699},
  year={2020}
}

@inproceedings{chen2019gmail,
  title={Gmail smart compose: Real-time assisted writing},
  author={Chen, Mia Xu and Lee, Benjamin N and Bansal, Gagan and Cao, Yuan and Zhang, Shuyuan and Lu, Justin and Tsay, Jackie and Wang, Yinan and Dai, Andrew M and Chen, Zhifeng and others},
  booktitle={ACM SIGKDD International Conference on Knowledge Discovery \& Data Mining},
  year={2019}
}

@article{silversmith2020plug,
  title={Plug-and-play control of a brain--computer interface through neural map stabilization},
  author={Silversmith, Daniel B and Abiri, Reza and Hardy, Nicholas F and Natraj, Nikhilesh and Tu-Chan, Adelyn and Chang, Edward F and Ganguly, Karunesh},
  journal={Nature Biotechnology},
  year={2020},
}

@article{leuthardt2004brain,
  title={A brain--computer interface using electrocorticographic signals in humans},
  author={Leuthardt, Eric C and Schalk, Gerwin and Wolpaw, Jonathan R and Ojemann, Jeffrey G and Moran, Daniel W},
  journal={Journal of Neural Engineering},
  year={2004}
}

@article{taylor2002direct,
  title={Direct cortical control of 3D neuroprosthetic devices},
  author={Taylor, Dawn M and Tillery, Stephen I Helms and Schwartz, Andrew B},
  journal={Science},
  year={2002}
}

@article{shenoy2014combining,
  title={Combining decoder design and neural adaptation in brain-machine interfaces},
  author={Shenoy, Krishna V and Carmena, Jose M},
  journal={Neuron},
  year={2014}
}

@article{carmena2013advances,
  title={Advances in neuroprosthetic learning and control},
  author={Carmena, Jose M},
  journal={PLoS Biology},
  year={2013}
}

@article{voynich,
  title={{The Voynich Manuscript: ``The Most Mysterious Manuscript in the World''}},
  author={Brigadier John H. Tiltman},
  journal={NSA Technical Journal},
  year={1967}
}

@article{sharma2019dynamics,
  title={Dynamics-aware unsupervised discovery of skills},
  author={Sharma, Archit and Gu, Shixiang and Levine, Sergey and Kumar, Vikash and Hausman, Karol},
  journal={arXiv preprint arXiv:1907.01657},
  year={2019}
}

@article{mania2018simple,
  title={Simple random search provides a competitive approach to reinforcement learning},
  author={Mania, Horia and Guy, Aurelia and Recht, Benjamin},
  journal={arXiv preprint arXiv:1803.07055},
  year={2018}
}

@inproceedings{daniel2012hierarchical,
  title={Hierarchical relative entropy policy search},
  author={Daniel, Christian and Neumann, Gerhard and Peters, Jan},
  booktitle={Artificial Intelligence and Statistics},
  year={2012}
}

@inproceedings{klyubin2005empowerment,
  title={Empowerment: A universal agent-centric measure of control},
  author={Klyubin, Alexander S and Polani, Daniel and Nehaniv, Chrystopher L},
  booktitle={IEEE Congress on Evolutionary Computation},
  year={2005}
}

@inproceedings{ziebart2010modeling,
  title={Modeling interaction via the principle of maximum causal entropy},
  author={Ziebart, Brian D and Bagnell, J Andrew and Dey, Anind K},
  booktitle={International Conference on Machine Learning},
  year={2010}
}

@article{kaelbling1998planning,
  title={Planning and acting in partially observable stochastic domains},
  author={Kaelbling, Leslie Pack and Littman, Michael L and Cassandra, Anthony R},
  journal={Artificial Intelligence},
  year={1998}
}

@book{stephenson2003snow,
  title={Snow Crash},
  author={Stephenson, Neal},
  year={2003}
}

@article{andreas2017translating,
  title={Translating neuralese},
  author={Andreas, Jacob and Dragan, Anca and Klein, Dan},
  journal={arXiv preprint arXiv:1704.06960},
  year={2017}
}

@article{olah2018building,
  title={The building blocks of interpretability},
  author={Olah, Chris and Satyanarayan, Arvind and Johnson, Ian and Carter, Shan and Schubert, Ludwig and Ye, Katherine and Mordvintsev, Alexander},
  journal={Distill},
  year={2018}
}

@book{sinkov2009elementary,
  title={Elementary cryptanalysis},
  author={Sinkov, Abraham and Feil, Todd},
  year={2009}
}

@article{cammarata2020thread,
  author = {Cammarata, Nick and Carter, Shan and Goh, Gabriel and Olah, Chris and Petrov, Michael and Schubert, Ludwig and Voss, Chelsea and Egan, Ben and Lim, Swee Kiat},
  title = {Thread: Circuits},
  journal = {Distill},
  year = {2020},
  note = {https://distill.pub/2020/circuits},
  doi = {10.23915/distill.00024}
}

@book{chadwick1967decipherment,
  title={The decipherment of {Linear B}},
  author={Chadwick, John},
  year={1967}
}

@article{lin2019data,
  title={Data-efficient mutual information neural estimator},
  author={Lin, Xiao and Sur, Indranil and Nastase, Samuel A and Divakaran, Ajay and Hasson, Uri and Amer, Mohamed R},
  journal={arXiv preprint arXiv:1905.03319},
  year={2019}
}

@inproceedings{belghazi2018mutual,
  title={Mutual information neural estimation},
  author={Belghazi, Mohamed Ishmael and Baratin, Aristide and Rajeshwar, Sai and Ozair, Sherjil and Bengio, Yoshua and Courville, Aaron and Hjelm, Devon},
  booktitle={International Conference on Machine Learning},
  year={2018}
}

@inproceedings{poole2018variational,
  title={On variational lower bounds of mutual information},
  author={Poole, Ben and Ozair, Sherjil and van den Oord, A{\"a}ron and Alemi, Alexander A and Tucker, George},
  booktitle={NeurIPS Workshop on Bayesian Deep Learning},
  year={2018}
}

@article{kakade2001natural,
  title={A natural policy gradient},
  author={Kakade, Sham M},
  journal={Neural Information Processing Systems},
  year={2001}
}

@article{hallak2015contextual,
  title={Contextual {M}arkov decision processes},
  author={Hallak, Assaf and Di Castro, Dotan and Mannor, Shie},
  journal={arXiv preprint arXiv:1502.02259},
  year={2015}
}

@article{baker2009action,
  title={Action understanding as inverse planning},
  author={Baker, Chris L and Saxe, Rebecca and Tenenbaum, Joshua B},
  journal={Cognition},
  year={2009}
}

@article{javdani2015shared,
  title={Shared autonomy via hindsight optimization},
  author={Javdani, Shervin and Srinivasa, Siddhartha S and Bagnell, J Andrew},
  journal={arXiv preprint arXiv:1503.07619},
  year={2015}
}

@article{peng2019advantage,
  title={Advantage-weighted regression: Simple and scalable off-policy reinforcement learning},
  author={Peng, Xue Bin and Kumar, Aviral and Zhang, Grace and Levine, Sergey},
  journal={arXiv preprint arXiv:1910.00177},
  year={2019}
}

@article{plappert2017parameter,
  title={Parameter space noise for exploration},
  author={Plappert, Matthias and Houthooft, Rein and Dhariwal, Prafulla and Sidor, Szymon and Chen, Richard Y and Chen, Xi and Asfour, Tamim and Abbeel, Pieter and Andrychowicz, Marcin},
  journal={arXiv preprint arXiv:1706.01905},
  year={2017}
}

@inproceedings{
x2t2021,
title={{X2T}: Training an X-to-Text Typing Interface with Online Learning from User Feedback},
author={Jensen Gao and Siddharth Reddy and Glen Berseth and Nicholas Hardy and Nikhilesh Natraj and Karunesh Ganguly and Anca Dragan and Sergey Levine},
booktitle={International Conference on Learning Representations},
year={2021},
url={https://openreview.net/forum?id=LiX3ECzDPHZ}
}

@article{asha2022,
  title={{ASHA}: Assistive Teleoperation via Human-in-the-Loop Reinforcement Learning},
  author={Chen, Sean and Gao, Jensen and Reddy, Siddharth and Berseth, Glen and Dragan, Anca D. and Levine, Sergey},
  journal={arXiv preprint arXiv:2202.02465},
  year={2022}
}

@InProceedings{Reddy/etal/18a,
  title={Shared Autonomy via Deep Reinforcement Learning},
  author={Reddy, Siddharth and Dragan, Anca D. and Levine, Sergey},
  booktitle={Arxiv 1802.01744},
  year={2018},
  url={https://arxiv.org/abs/1802.01744}
}

@InProceedings{Reddy/etal/18b,
  title={Where Do You Think You're Going?: Inferring Beliefs about Dynamics from Behavior},
  author={Reddy, Siddharth and Dragan, Anca D. and Levine, Sergey},
  booktitle={Arxiv 1805.08010},
  year={2018},
  url={https://arxiv.org/abs/1805.08010}
}

@article{brockman2016openai,
  title={{OpenAI Gym}},
  author={Brockman, Greg and Cheung, Vicki and Pettersson, Ludwig and Schneider, Jonas and Schulman, John and Tang, Jie and Zaremba, Wojciech},
  journal={arXiv preprint arXiv:1606.01540},
  year={2016}
}

@book{mackay2003information,
  title={Information theory, inference and learning algorithms},
  author={MacKay, David J C},
  year={2003}
}

@article{shannon1948mathematical,
  title={A mathematical theory of communication},
  author={Shannon, Claude Elwood},
  journal={The Bell System Technical Journal},
  year={1948}
}

@article{gregor2016variational,
  title={Variational intrinsic control},
  author={Gregor, Karol and Rezende, Danilo Jimenez and Wierstra, Daan},
  journal={arXiv preprint arXiv:1611.07507},
  year={2016}
}

@article{hansen2019fast,
  title={Fast task inference with variational intrinsic successor features},
  author={Hansen, Steven and Dabney, Will and Barreto, Andre and Van de Wiele, Tom and Warde-Farley, David and Mnih, Volodymyr},
  journal={arXiv preprint arXiv:1906.05030},
  year={2019}
}

@article{warde2018unsupervised,
  title={Unsupervised control through non-parametric discriminative rewards},
  author={Warde-Farley, David and Van de Wiele, Tom and Kulkarni, Tejas and Ionescu, Catalin and Hansen, Steven and Mnih, Volodymyr},
  journal={arXiv preprint arXiv:1811.11359},
  year={2018}
}

@article{scikit-learn,
 title={Scikit-learn: Machine Learning in {P}ython},
 author={Pedregosa, F. and Varoquaux, G. and Gramfort, A. and Michel, V.
         and Thirion, B. and Grisel, O. and Blondel, M. and Prettenhofer, P.
         and Weiss, R. and Dubourg, V. and Vanderplas, J. and Passos, A. and
         Cournapeau, D. and Brucher, M. and Perrot, M. and Duchesnay, E.},
 journal={Journal of Machine Learning Research},
 year={2011}
}

@book{gaussianproc,
 title={Gaussian Processes for Machine Learning},
 author={Rasmussen, Carl Edward and Williams, Christopher K. I.},
 year={2006}
}

@article{chen2021randomized,
  title={Randomized ensembled double {Q}-learning: Learning fast without a model},
  author={Chen, Xinyue and Wang, Che and Zhou, Zijian and Ross, Keith},
  journal={arXiv preprint arXiv:2101.05982},
  year={2021}
}

@article{crawforddeveloping,
  title={Developing Embodied Familiarity with Hyperphysical Phenomena},
  author={Crawford, Gray},
  year={2019}
}

@article{agakov2004algorithm,
  title={The {IM} algorithm: a variational approach to information maximization},
  author={Agakov, David and Barber, Felix},
  journal={Neural Information Processing Systems},
  year={2004}
}

@article{zhang2020mediapipe,
  title={{MediaPipe} hands: On-device real-time hand tracking},
  author={Zhang, Fan and Bazarevsky, Valentin and Vakunov, Andrey and Tkachenka, Andrei and Sung, George and Chang, Chuo-Ling and Grundmann, Matthias},
  journal={arXiv preprint arXiv:2006.10214},
  year={2020}
}

@misc{roberts2018musicvae,
  title={{MusicVAE}: Creating a palette for musical scores with machine learning},
  author={Roberts, Adam and Engel, Jesse and Raffel, Colin and Simon, Ian and Hawthorne, Curtis},
  year={2018}
}

@article{laskin2022cic,
  title={{CIC}: Contrastive Intrinsic Control for Unsupervised Skill Discovery},
  author={Laskin, Michael and Liu, Hao and Peng, Xue Bin and Yarats, Denis and Rajeswaran, Aravind and Abbeel, Pieter},
  journal={arXiv preprint arXiv:2202.00161},
  year={2022}
}

@article{fels1993glove,
  title={{Glove-Talk}: A neural network interface between a data-glove and a speech synthesizer},
  author={Fels, Sidney S and Hinton, Geoffrey E},
  journal={IEEE Transactions on Neural Networks},
  year={1993}
}

@article{fels1997glove,
  title={{Glove-Talk II}---A neural-network interface which maps gestures to parallel formant speech synthesizer controls},
  author={Fels, Sidney S and Hinton, Geoffrey E},
  journal={IEEE Transactions on Neural Networks},
  year={1997}
}

@article{hunt2002mapping,
  title={Mapping performer parameters to synthesis engines},
  author={Hunt, Andy and Wanderley, Marcelo M},
  journal={Organised Sound},
  year={2002}
}

@article{merel2013multi,
  title={A multi-agent control framework for co-adaptation in brain-computer interfaces},
  author={Merel, Josh S and Fox, Roy and Jebara, Tony and Paninski, Liam},
  journal={Neural Information Processing Systems},
  year={2013}
}

@article{couraud2018model,
  title={Model and experiments to optimize co-adaptation in a simplified myoelectric control system},
  author={Couraud, Mathilde and Cattaert, Daniel and Paclet, Florent and Oudeyer, Pierre-Yves and De Rugy, Aymar},
  journal={Journal of Neural Engineering},
  year={2018}
}

@article{de2021framework,
  title={A framework for optimizing co-adaptation in body-machine interfaces},
  author={De Santis, Dalia},
  journal={Frontiers in Neurorobotics},
  year={2021}
}

@inproceedings{gallina2015progressive,
  title={Progressive co-adaptation in human-machine interaction},
  author={Gallina, Paolo and Bellotto, Nicola and Di Luca, Massimiliano},
  booktitle={International Conference on Informatics in Control, Automation and Robotics},
  year={2015}
}

@inproceedings{ehrlich2019computational,
  title={A computational model of human decision making and learning for assessment of co-adaptation in neuro-adaptive human-robot interaction},
  author={Ehrlich, Stefan K and Cheng, Gordon},
  booktitle={IEEE International Conference on Systems, Man and Cybernetics},
  year={2019}
}

@article{kim2020errors,
  title={Errors in Human-Robot Interactions and Their Effects on Robot Learning},
  author={Kim, Su Kyoung and Kirchner, Elsa Andrea and Schlo{\ss}m{\"u}ller, Lukas and Kirchner, Frank},
  journal={Frontiers in Robotics and AI},
  year={2020}
}

@article{ehrlich2018human,
  title={Human-agent co-adaptation using error-related potentials},
  author={Ehrlich, Stefan K and Cheng, Gordon},
  journal={Journal of Neural Engineering},
  year={2018}
}

@article{sanchez2009exploiting,
  title={Exploiting co-adaptation for the design of symbiotic neuroprosthetic assistants},
  author={Sanchez, Justin C and Mahmoudi, Babak and DiGiovanna, Jack and Principe, Jose C},
  journal={Neural Networks},
  year={2009}
}

@article{nikolaidis2017human,
  title={Human-robot mutual adaptation in collaborative tasks: Models and experiments},
  author={Nikolaidis, Stefanos and Hsu, David and Srinivasa, Siddhartha},
  journal={International Journal of Robotics Research},
  year={2017}
}

@inproceedings{de2018unsupervised,
  title={Unsupervised coadaptation of an assistive Interface to facilitate sensorimotor learning of redundant control},
  author={De Santis, Dalia and Dzialecka, Patrycja and Mussa-Ivaldi, Ferdinando A},
  booktitle={International Conference on Biomedical Robotics and Biomechatronics},
  year={2018}
}

@article{rusu2022low,
  title={Low-Dimensional Embeddings for Interaction Design},
  author={Rusu, Marius Mihai and Sch{\"o}tt, Svenja Yvonne and Williamson, John H and Schmidt, Albrecht and Murray-Smith, Roderick},
  journal={Advanced Intelligent Systems},
  year={2022},
}

@article{harb2020policy,
  title={Policy evaluation networks},
  author={Harb, Jean and Schaul, Tom and Precup, Doina and Bacon, Pierre-Luc},
  journal={arXiv preprint arXiv:2002.11833},
  year={2020}
}

@article{linsker1988self,
  title={Self-organization in a perceptual network},
  author={Linsker, Ralph},
  journal={Computer},
  year={1988}
}

@article{lowe2019putting,
  title={Putting an end to end-to-end: Gradient-isolated learning of representations},
  author={L{\"o}we, Sindy and O'Connor, Peter and Veeling, Bastiaan},
  journal={Neural Information Processing Systems},
  year={2019}
}