@article{yuan2024evoagent,
  title={EvoAgent: Towards Automatic Multi-Agent Generation via Evolutionary Algorithms},
  author={Yuan, Siyu and Song, Kaitao and Chen, Jiangjie and Tan, Xu and Li, Dongsheng and Yang, Deqing},
  journal={arXiv preprint arXiv:2406.14228},
  year={2024}
}

@article{varibad,
  title={Varibad: Variational bayes-adaptive deep rl via meta-learning},
  author={Zintgraf, Luisa and Schulze, Sebastian and Lu, Cong and Feng, Leo and Igl, Maximilian and Shiarlis, Kyriacos and Gal, Yarin and Hofmann, Katja and Whiteson, Shimon},
  journal={Journal of Machine Learning Research},
  volume={22},
  number={289},
  pages={1--39},
  year={2021}
}

@inproceedings{zintgraf2021exploration,
  title={Exploration in approximate hyper-state space for meta reinforcement learning},
  author={Zintgraf, Luisa M and Feng, Leo and Lu, Cong and Igl, Maximilian and Hartikainen, Kristian and Hofmann, Katja and Whiteson, Shimon},
  booktitle={International Conference on Machine Learning},
  pages={12991--13001},
  year={2021},
  organization={PMLR}
}

@article{qian2024scaling,
  title={Scaling Large-Language-Model-based Multi-Agent Collaboration},
  author={Qian, Chen and Xie, Zihao and Wang, Yifei and Liu, Wei and Dang, Yufan and Du, Zhuoyun and Chen, Weize and Yang, Cheng and Liu, Zhiyuan and Sun, Maosong},
  journal={arXiv preprint arXiv:2406.07155},
  year={2024}
}

@inproceedings{chen2023agentverse,
  title={Agentverse: Facilitating multi-agent collaboration and exploring emergent behaviors},
  author={Chen, Weize and Su, Yusheng and Zuo, Jingwei and Yang, Cheng and Yuan, Chenfei and Chan, Chi-Min and Yu, Heyang and Lu, Yaxi and Hung, Yi-Hsin and Qian, Chen and others},
  booktitle={The Twelfth International Conference on Learning Representations},
  year={2023}
}
@article{chen2023autoagents,
  title={Autoagents: A framework for automatic agent generation},
  author={Chen, Guangyao and Dong, Siwei and Shu, Yu and Zhang, Ge and Sesay, Jaward and Karlsson, B{\"o}rje F and Fu, Jie and Shi, Yemin},
  journal={arXiv preprint arXiv:2309.17288},
  year={2023}
}

@inproceedings{zhugegptswarm,
  title={GPTSwarm: Language Agents as Optimizable Graphs},
  author={Zhuge, Mingchen and Wang, Wenyi and Kirsch, Louis and Faccio, Francesco and Khizbullin, Dmitrii and Schmidhuber, J{\"u}rgen},
  booktitle={Forty-first International Conference on Machine Learning},
  year={2024}
}
@article{li2024autoflow,
  title={Autoflow: Automated workflow generation for large language model agents},
  author={Li, Zelong and Xu, Shuyuan and Mei, Kai and Hua, Wenyue and Rama, Balaji and Raheja, Om and Wang, Hao and Zhu, He and Zhang, Yongfeng},
  journal={arXiv preprint arXiv:2407.12821},
  year={2024}
}
@article{hu2024automated,
  title={Automated design of agentic systems},
  author={Hu, Shengran and Lu, Cong and Clune, Jeff},
  journal={arXiv preprint arXiv:2408.08435},
  year={2024}
}
@article{hong2023metagpt,
  title={Metagpt: Meta programming for multi-agent collaborative framework},
  author={Hong, Sirui and Zheng, Xiawu and Chen, Jonathan and Cheng, Yuheng and Wang, Jinlin and Zhang, Ceyao and Wang, Zili and Yau, Steven Ka Shing and Lin, Zijuan and Zhou, Liyang and others},
  journal={arXiv preprint arXiv:2308.00352},
  year={2023}
}

@article{wei2022chain,
  title={Chain-of-thought prompting elicits reasoning in large language models},
  author={Wei, Jason and Wang, Xuezhi and Schuurmans, Dale and Bosma, Maarten and Xia, Fei and Chi, Ed and Le, Quoc V and Zhou, Denny and others},
  journal={Advances in neural information processing systems},
  volume={35},
  pages={24824--24837},
  year={2022}
}

@inproceedings{
wang2023selfconsistency,
title={Self-Consistency Improves Chain of Thought Reasoning in Language Models},
author={Xuezhi Wang and Jason Wei and Dale Schuurmans and Quoc V Le and Ed H. Chi and Sharan Narang and Aakanksha Chowdhery and Denny Zhou},
booktitle={The Eleventh International Conference on Learning Representations },
year={2023}
}

@article{du2023improving,
title={Improving factuality and reasoning in language models through multiagent debate},
author={Du, Yilun and Li, Shuang and Torralba, Antonio and Tenenbaum, Joshua B and Mordatch, Igor},
journal={arXiv preprint arXiv:2305.14325},
year={2023}
}

@article{madaan2024self,
  title={Self-refine: Iterative refinement with self-feedback},
  author={Madaan, Aman and Tandon, Niket and Gupta, Prakhar and Hallinan, Skyler and Gao, Luyu and Wiegreffe, Sarah and Alon, Uri and Dziri, Nouha and Prabhumoye, Shrimai and Yang, Yiming and others},
  journal={Advances in Neural Information Processing Systems},
  volume={36},
  year={2024}
}

@article{lu2024intelligent,
  title={Intelligent Go-Explore: Standing on the Shoulders of Giant Foundation Models},
  author={Lu, Cong and Hu, Shengran and Clune, Jeff},
  journal={arXiv preprint arXiv:2405.15143},
  year={2024}
}


@article{xu2023expertprompting,
  title={Expertprompting: Instructing large language models to be distinguished experts},
  author={Xu, Benfeng and Yang, An and Lin, Junyang and Wang, Quan and Zhou, Chang and Zhang, Yongdong and Mao, Zhendong},
  journal={arXiv preprint arXiv:2305.14688},
  year={2023}
}

@article{zheng2023stepback,
  title={Take a step back: Evoking reasoning via abstraction in large language models},
  author={Zheng, Huaixiu Steven and Mishra, Swaroop and Chen, Xinyun and Cheng, Heng-Tze and Chi, Ed H and Le, Quoc V and Zhou, Denny},
  journal={arXiv preprint arXiv:2310.06117},
  year={2023}
}
@article{dubey2024llama,
  title={The llama 3 herd of models},
  author={Dubey, Abhimanyu and Jauhri, Abhinav and Pandey, Abhinav and Kadian, Abhishek and Al-Dahle, Ahmad and Letman, Aiesha and Mathur, Akhil and Schelten, Alan and Yang, Amy and Fan, Angela and others},
  journal={arXiv preprint arXiv:2407.21783},
  year={2024}
}
@article{achiam2023gpt,
  title={Gpt-4 technical report},
  author={Achiam, Josh and Adler, Steven and Agarwal, Sandhini and Ahmad, Lama and Akkaya, Ilge and Aleman, Florencia Leoni and Almeida, Diogo and Altenschmidt, Janko and Altman, Sam and Anadkat, Shyamal and others},
  journal={arXiv preprint arXiv:2303.08774},
  year={2023}
}
@article{wang2024opendevin,
  title={Opendevin: An open platform for ai software developers as generalist agents},
  author={Wang, Xingyao and Li, Boxuan and Song, Yufan and Xu, Frank F and Tang, Xiangru and Zhuge, Mingchen and Pan, Jiayi and Song, Yueqi and Li, Bowen and Singh, Jaskirat and others},
  journal={arXiv preprint arXiv:2407.16741},
  year={2024}
}
@article{zhou2024shared,
  title={Shared Imagination: LLMs Hallucinate Alike},
  author={Zhou, Yilun and Xiong, Caiming and Savarese, Silvio and Wu, Chien-Sheng},
  journal={arXiv preprint arXiv:2407.16604},
  year={2024}
}
@inproceedings{anderson2024homogenization,
  title={Homogenization effects of large language models on human creative ideation},
  author={Anderson, Barrett R and Shah, Jash Hemant and Kreminski, Max},
  booktitle={Proceedings of the 16th Conference on Creativity \& Cognition},
  pages={413--425},
  year={2024}
}
@article{zhang2024massw,
  title={MASSW: A New Dataset and Benchmark Tasks for AI-Assisted Scientific Workflows},
  author={Zhang, Xingjian and Xie, Yutong and Huang, Jin and Ma, Jinge and Pan, Zhaoying and Liu, Qijia and Xiong, Ziyang and Ergen, Tolga and Shim, Dongsub and Lee, Honglak and others},
  journal={arXiv preprint arXiv:2406.06357},
  year={2024}
}
@techreport{ashokkumar2024predicting,
  title={Predicting results of social science experiments using large language models},
  author={Ashokkumar, Ashwini and Hewitt, Luke and Ghezae, Isaias and Willer, Robb},
  year={2024},
  institution={Technical report, Working Paper}
}
@article{lehr2024chatgpt,
  title={Chatgpt as research scientist: Probing gptâ€™s capabilities as a research librarian, research ethicist, data generator, and data predictor},
  author={Lehr, Steven A and Caliskan, Aylin and Liyanage, Suneragiri and Banaji, Mahzarin R},
  journal={Proceedings of the National Academy of Sciences},
  volume={121},
  number={35},
  pages={e2404328121},
  year={2024},
  publisher={National Academy of Sciences}
}
@article{press2024citeme,
  title={CiteME: Can Language Models Accurately Cite Scientific Claims?},
  author={Press, Ori and Hochlehnert, Andreas and Prabhu, Ameya and Udandarao, Vishaal and Press, Ofir and Bethge, Matthias},
  journal={arXiv preprint arXiv:2407.12861},
  year={2024}
}
@article{kang2024researcharena,
  title={ResearchArena: Benchmarking LLMs' Ability to Collect and Organize Information as Research Agents},
  author={Kang, Hao and Xiong, Chenyan},
  journal={arXiv preprint arXiv:2406.10291},
  year={2024}
}
@article{ajith2024litsearch,
  title={Litsearch: A retrieval benchmark for scientific literature search},
  author={Ajith, Anirudh and Xia, Mengzhou and Chevalier, Alexis and Goyal, Tanya and Chen, Danqi and Gao, Tianyu},
  journal={arXiv preprint arXiv:2407.18940},
  year={2024}
}
@article{gu2024blade,
  title={Blade: Benchmarking language model agents for data-driven science},
  author={Gu, Ken and Shang, Ruoxi and Jiang, Ruien and Kuang, Keying and Lin, Richard-John and Lyu, Donghe and Mao, Yue and Pan, Youran and Wu, Teng and Yu, Jiaqian and others},
  journal={arXiv preprint arXiv:2408.09667},
  year={2024}
}
@article{guo2024ds,
  title={DS-Agent: Automated Data Science by Empowering Large Language Models with Case-Based Reasoning},
  author={Guo, Siyuan and Deng, Cheng and Wen, Ying and Chen, Hechang and Chang, Yi and Wang, Jun},
  journal={arXiv preprint arXiv:2402.17453},
  year={2024}
}
@article{hu2024infiagent,
  title={Infiagent-dabench: Evaluating agents on data analysis tasks},
  author={Hu, Xueyu and Zhao, Ziyu and Wei, Shuang and Chai, Ziwei and Ma, Qianli and Wang, Guoyin and Wang, Xuwu and Su, Jing and Xu, Jingjing and Zhu, Ming and others},
  journal={arXiv preprint arXiv:2401.05507},
  year={2024}
}
@article{ifargan2024autonomous,
  title={Autonomous LLM-driven research from data to human-verifiable research papers},
  author={Ifargan, Tal and Hafner, Lukas and Kern, Maor and Alcalay, Ori and Kishony, Roy},
  journal={arXiv preprint arXiv:2404.17605},
  year={2024}
}
@article{majumder2024discoverybench,
  title={Discoverybench: Towards data-driven discovery with large language models},
  author={Majumder, Bodhisattwa Prasad and Surana, Harshit and Agarwal, Dhruv and Mishra, Bhavana Dalvi and Meena, Abhijeetsingh and Prakhar, Aryan and Vora, Tirth and Khot, Tushar and Sabharwal, Ashish and Clark, Peter},
  journal={arXiv preprint arXiv:2407.01725},
  year={2024}
}
@article{fawzi2022discovering,
  title={Discovering faster matrix multiplication algorithms with reinforcement learning},
  author={Fawzi, Alhussein and Balog, Matej and Huang, Aja and Hubert, Thomas and Romera-Paredes, Bernardino and Barekatain, Mohammadamin and Novikov, Alexander and R Ruiz, Francisco J and Schrittwieser, Julian and Swirszcz, Grzegorz and others},
  journal={Nature},
  volume={610},
  number={7930},
  pages={47--53},
  year={2022},
  publisher={Nature Publishing Group}
}
@article{szymanski2023autonomous,
  title={An autonomous laboratory for the accelerated synthesis of novel materials},
  author={Szymanski, Nathan J and Rendy, Bernardus and Fei, Yuxing and Kumar, Rishi E and He, Tanjin and Milsted, David and McDermott, Matthew J and Gallant, Max and Cubuk, Ekin Dogus and Merchant, Amil and others},
  journal={Nature},
  volume={624},
  number={7990},
  pages={86--91},
  year={2023},
  publisher={Nature Publishing Group UK London}
}
@article{pyzer2022accelerating,
  title={Accelerating materials discovery using artificial intelligence, high performance computing and robotics},
  author={Pyzer-Knapp, Edward O and Pitera, Jed W and Staar, Peter WJ and Takeda, Seiji and Laino, Teodoro and Sanders, Daniel P and Sexton, James and Smith, John R and Curioni, Alessandro},
  journal={npj Computational Materials},
  volume={8},
  number={1},
  pages={84},
  year={2022},
  publisher={Nature Publishing Group UK London}
}
@article{merchant2023scaling,
  title={Scaling deep learning for materials discovery},
  author={Merchant, Amil and Batzner, Simon and Schoenholz, Samuel S and Aykol, Muratahan and Cheon, Gowoon and Cubuk, Ekin Dogus},
  journal={Nature},
  volume={624},
  number={7990},
  pages={80--85},
  year={2023},
  publisher={Nature Publishing Group UK London}
}
@article{jumper2021highly,
  title={Highly accurate protein structure prediction with AlphaFold},
  author={Jumper, John and Evans, Richard and Pritzel, Alexander and Green, Tim and Figurnov, Michael and Ronneberger, Olaf and Tunyasuvunakool, Kathryn and Bates, Russ and {\v{Z}}{\'\i}dek, Augustin and Potapenko, Anna and others},
  journal={nature},
  volume={596},
  number={7873},
  pages={583--589},
  year={2021},
  publisher={Nature Publishing Group}
}
@article{hayes2024simulating,
  title={Simulating 500 million years of evolution with a language model},
  author={Hayes, Tomas and Rao, Roshan and Akin, Halil and Sofroniew, Nicholas J and Oktay, Deniz and Lin, Zeming and Verkuil, Robert and Tran, Vincent Q and Deaton, Jonathan and Wiggert, Marius and others},
  journal={bioRxiv},
  pages={2024--07},
  year={2024},
  publisher={Cold Spring Harbor Laboratory}
}
@article{ding2024automating,
  title={Automating Exploratory Proteomics Research via Language Models},
  author={Ding, Ning and Qu, Shang and Xie, Linhai and Li, Yifei and Liu, Zaoqu and Zhang, Kaiyan and Xiong, Yibai and Zuo, Yuxin and Chen, Zhangren and Hua, Ermo and others},
  journal={arXiv preprint arXiv:2411.03743},
  year={2024}
}
@article{deng2024mind2web,
  title={Mind2web: Towards a generalist agent for the web},
  author={Deng, Xiang and Gu, Yu and Zheng, Boyuan and Chen, Shijie and Stevens, Sam and Wang, Boshi and Sun, Huan and Su, Yu},
  journal={Advances in Neural Information Processing Systems},
  volume={36},
  year={2024}
}
@article{putta2024agent,
  title={Agent q: Advanced reasoning and learning for autonomous ai agents},
  author={Putta, Pranav and Mills, Edmund and Garg, Naman and Motwani, Sumeet and Finn, Chelsea and Garg, Divyansh and Rafailov, Rafael},
  journal={arXiv preprint arXiv:2408.07199},
  year={2024}
}
@article{gur2023real,
  title={A real-world webagent with planning, long context understanding, and program synthesis},
  author={Gur, Izzeddin and Furuta, Hiroki and Huang, Austin and Safdari, Mustafa and Matsuo, Yutaka and Eck, Douglas and Faust, Aleksandra},
  journal={arXiv preprint arXiv:2307.12856},
  year={2023}
}
@article{qin2023toolllm,
  title={Toolllm: Facilitating large language models to master 16000+ real-world apis},
  author={Qin, Yujia and Liang, Shihao and Ye, Yining and Zhu, Kunlun and Yan, Lan and Lu, Yaxi and Lin, Yankai and Cong, Xin and Tang, Xiangru and Qian, Bill and others},
  journal={arXiv preprint arXiv:2307.16789},
  year={2023}
}
@article{hao2024toolkengpt,
  title={Toolkengpt: Augmenting frozen language models with massive tools via tool embeddings},
  author={Hao, Shibo and Liu, Tianyang and Wang, Zhen and Hu, Zhiting},
  journal={Advances in neural information processing systems},
  volume={36},
  year={2024}
}
@inproceedings{qian2024chatdev,
  title={Chatdev: Communicative agents for software development},
  author={Qian, Chen and Liu, Wei and Liu, Hongzhang and Chen, Nuo and Dang, Yufan and Li, Jiahao and Yang, Cheng and Chen, Weize and Su, Yusheng and Cong, Xin and others},
  booktitle={Proceedings of the 62nd Annual Meeting of the Association for Computational Linguistics (Volume 1: Long Papers)},
  pages={15174--15186},
  year={2024}
}
@article{li2023camel,
  title={Camel: Communicative agents for" mind" exploration of large language model society},
  author={Li, Guohao and Hammoud, Hasan and Itani, Hani and Khizbullin, Dmitrii and Ghanem, Bernard},
  journal={Advances in Neural Information Processing Systems},
  volume={36},
  pages={51991--52008},
  year={2023}
}
@inproceedings{langley2024integrated,
  title={Integrated Systems for Computational Scientific Discovery},
  author={Langley, Pat},
  booktitle={Proceedings of the AAAI Conference on Artificial Intelligence},
  volume={38},
  number={20},
  pages={22598--22606},
  year={2024}
}
@article{romera2024mathematical,
  title={Mathematical discoveries from program search with large language models},
  author={Romera-Paredes, Bernardino and Barekatain, Mohammadamin and Novikov, Alexander and Balog, Matej and Kumar, M Pawan and Dupont, Emilien and Ruiz, Francisco JR and Ellenberg, Jordan S and Wang, Pengming and Fawzi, Omar and others},
  journal={Nature},
  volume={625},
  number={7995},
  pages={468--475},
  year={2024},
  publisher={Nature Publishing Group UK London}
}
@article{swanson2024virtual,
  title={The Virtual Lab: AI Agents Design New SARS-CoV-2 Nanobodies with Experimental Validation},
  author={Swanson, Kyle and Wu, Wesley and Bulaong, Nash L and Pak, John E and Zou, James},
  journal={bioRxiv},
  pages={2024--11},
  year={2024},
  publisher={Cold Spring Harbor Laboratory}
}
@article{ziegler2024measuring,
  title={Measuring GitHub Copilot's Impact on Productivity},
  author={Ziegler, Albert and Kalliamvakou, Eirini and Li, X Alice and Rice, Andrew and Rifkin, Devon and Simister, Shawn and Sittampalam, Ganesh and Aftandilian, Edward},
  journal={Communications of the ACM},
  volume={67},
  number={3},
  pages={54--63},
  year={2024},
  publisher={ACM New York, NY, USA}
}
@article{dohmke2023sea,
  title={Sea change in software development: Economic and productivity analysis of the ai-powered developer lifecycle},
  author={Dohmke, Thomas and Iansiti, Marco and Richards, Greg},
  journal={arXiv preprint arXiv:2306.15033},
  year={2023}
}
@article{ashkinaze2024ai,
  title={How AI Ideas Affect the Creativity, Diversity, and Evolution of Human Ideas: Evidence From a Large, Dynamic Experiment},
  author={Ashkinaze, Joshua and Mendelsohn, Julia and Qiwei, Li and Budak, Ceren and Gilbert, Eric},
  journal={arXiv preprint arXiv:2401.13481},
  year={2024}
}
@inproceedings{chakrabarty2024art,
  title={Art or artifice? large language models and the false promise of creativity},
  author={Chakrabarty, Tuhin and Laban, Philippe and Agarwal, Divyansh and Muresan, Smaranda and Wu, Chien-Sheng},
  booktitle={Proceedings of the CHI Conference on Human Factors in Computing Systems},
  pages={1--34},
  year={2024}
}
@article{hai2024repoexec,
  title={REPOEXEC: Evaluate Code Generation with a Repository-Level Executable Benchmark},
  author={Hai, Nam Le and Nguyen, Dung Manh and Bui, Nghi DQ},
  journal={arXiv preprint arXiv:2406.11927},
  year={2024}
}
@article{phan2024hyperagent,
  title={Hyperagent: Generalist software engineering agents to solve coding tasks at scale},
  author={Phan, Huy Nhat and Nguyen, Tien N and Nguyen, Phong X and Bui, Nghi DQ},
  journal={arXiv preprint arXiv:2409.16299},
  year={2024}
}
@article{renze2024self,
  title={Self-Reflection in LLM Agents: Effects on Problem-Solving Performance},
  author={Renze, Matthew and Guven, Erhan},
  journal={arXiv preprint arXiv:2405.06682},
  year={2024}
}
@article{shinn2024reflexion,
  title={Reflexion: Language agents with verbal reinforcement learning},
  author={Shinn, Noah and Cassano, Federico and Gopinath, Ashwin and Narasimhan, Karthik and Yao, Shunyu},
  journal={Advances in Neural Information Processing Systems},
  volume={36},
  year={2024}
}
@inproceedings{begou2023exploring,
  title={Exploring the dark side of ai: Advanced phishing attack design and deployment using chatgpt},
  author={Begou, Nils and Vinoy, J{\'e}r{\'e}my and Duda, Andrzej and Korczy{\'n}ski, Maciej},
  booktitle={2023 IEEE Conference on Communications and Network Security (CNS)},
  pages={1--6},
  year={2023},
  organization={IEEE}
}
@article{francia2024assessing,
  title={Assessing AI vs Human-Authored Spear Phishing SMS Attacks: An Empirical Study Using the TRAPD Method},
  author={Francia, Jerson and Hansen, Derek and Schooley, Ben and Taylor, Matthew and Murray, Shydra and Snow, Greg},
  journal={arXiv preprint arXiv:2406.13049},
  year={2024}
}
@inproceedings{happe2023getting,
  title={Getting pwnâ€™d by ai: Penetration testing with large language models},
  author={Happe, Andreas and Cito, J{\"u}rgen},
  booktitle={Proceedings of the 31st ACM Joint European Software Engineering Conference and Symposium on the Foundations of Software Engineering},
  pages={2082--2086},
  year={2023}
}
@article{xu2024autoattacker,
  title={Autoattacker: A large language model guided system to implement automatic cyber-attacks},
  author={Xu, Jiacen and Stokes, Jack W and McDonald, Geoff and Bai, Xuesong and Marshall, David and Wang, Siyue and Swaminathan, Adith and Li, Zhou},
  journal={arXiv preprint arXiv:2403.01038},
  year={2024}
}
@article{nijkamp2022codegen,
  title={Codegen: An open large language model for code with multi-turn program synthesis},
  author={Nijkamp, Erik and Pang, Bo and Hayashi, Hiroaki and Tu, Lifu and Wang, Huan and Zhou, Yingbo and Savarese, Silvio and Xiong, Caiming},
  journal={arXiv preprint arXiv:2203.13474},
  year={2022}
}
@article{liu2024personaflow,
  title={Personaflow: Boosting research ideation with llm-simulated expert personas},
  author={Liu, Yiren and Sharma, Pranav and Oswal, Mehul Jitendra and Xia, Haijun and Huang, Yun},
  journal={arXiv preprint arXiv:2409.12538},
  year={2024}
}
@article{qian2023experiential,
  title={Experiential co-learning of software-developing agents},
  author={Qian, Chen and Dang, Yufan and Li, Jiahao and Liu, Wei and Xie, Zihao and Wang, Yifei and Chen, Weize and Yang, Cheng and Cong, Xin and Che, Xiaoyin and others},
  journal={arXiv preprint arXiv:2312.17025},
  year={2023}
}
@article{liang2024can,
  title={Can large language models provide useful feedback on research papers? A large-scale empirical analysis},
  author={Liang, Weixin and Zhang, Yuhui and Cao, Hancheng and Wang, Binglu and Ding, Daisy Yi and Yang, Xinyu and Vodrahalli, Kailas and He, Siyu and Smith, Daniel Scott and Yin, Yian and others},
  journal={NEJM AI},
  volume={1},
  number={8},
  pages={AIoa2400196},
  year={2024},
  publisher={Massachusetts Medical Society}
}
@article{wang2024survey,
  title={A survey on large language model based autonomous agents},
  author={Wang, Lei and Ma, Chen and Feng, Xueyang and Zhang, Zeyu and Yang, Hao and Zhang, Jingsen and Chen, Zhiyuan and Tang, Jiakai and Chen, Xu and Lin, Yankai and others},
  journal={Frontiers of Computer Science},
  volume={18},
  number={6},
  pages={186345},
  year={2024},
  publisher={Springer}
}
@article{fang2024llm,
  title={Llm agents can autonomously hack websites},
  author={Fang, Richard and Bindu, Rohan and Gupta, Akul and Zhan, Qiusi and Kang, Daniel},
  journal={arXiv preprint arXiv:2402.06664},
  year={2024}
}
@article{wan2024cyberseceval,
  title={Cyberseceval 3: Advancing the evaluation of cybersecurity risks and capabilities in large language models},
  author={Wan, Shengye and Nikolaidis, Cyrus and Song, Daniel and Molnar, David and Crnkovich, James and Grace, Jayson and Bhatt, Manish and Chennabasappa, Sahana and Whitman, Spencer and Ding, Stephanie and others},
  journal={arXiv preprint arXiv:2408.01605},
  year={2024}
}
@article{abramovich2024enigma,
  title={EnIGMA: Enhanced Interactive Generative Model Agent for CTF Challenges},
  author={Abramovich, Talor and Udeshi, Meet and Shao, Minghao and Lieret, Kilian and Xi, Haoran and Milner, Kimberly and Jancheska, Sofija and Yang, John and Jimenez, Carlos E and Khorrami, Farshad and others},
  journal={arXiv preprint arXiv:2409.16165},
  year={2024}
}
@article{yang2024swe,
  title={Swe-agent: Agent-computer interfaces enable automated software engineering},
  author={Yang, John and Jimenez, Carlos E and Wettig, Alexander and Lieret, Kilian and Yao, Shunyu and Narasimhan, Karthik and Press, Ofir},
  journal={arXiv preprint arXiv:2405.15793},
  year={2024}
}
@article{jimenez2023swe,
  title={Swe-bench: Can language models resolve real-world github issues?},
  author={Jimenez, Carlos E and Yang, John and Wettig, Alexander and Yao, Shunyu and Pei, Kexin and Press, Ofir and Narasimhan, Karthik},
  journal={arXiv preprint arXiv:2310.06770},
  year={2023}
}
@article{al2024project,
  title={Project Sid: Many-agent simulations toward AI civilization},
  author={AL, Altera and Ahn, Andrew and Becker, Nic and Carroll, Stephanie and Christie, Nico and Cortes, Manuel and Demirci, Arda and Du, Melissa and Li, Frankie and Luo, Shuying and others},
  journal={arXiv preprint arXiv:2411.00114},
  year={2024}
}
@article{feng2024chessgpt,
  title={Chessgpt: Bridging policy learning and language modeling},
  author={Feng, Xidong and Luo, Yicheng and Wang, Ziyan and Tang, Hongrui and Yang, Mengyue and Shao, Kun and Mguni, David and Du, Yali and Wang, Jun},
  journal={Advances in Neural Information Processing Systems},
  volume={36},
  year={2024}
}
@article{mcduff2023towards,
  title={Towards accurate differential diagnosis with large language models},
  author={McDuff, Daniel and Schaekermann, Mike and Tu, Tao and Palepu, Anil and Wang, Amy and Garrison, Jake and Singhal, Karan and Sharma, Yash and Azizi, Shekoofeh and Kulkarni, Kavita and others},
  journal={arXiv preprint arXiv:2312.00164},
  year={2023}
}
@article{tu2024towards,
  title={Towards conversational diagnostic ai},
  author={Tu, Tao and Palepu, Anil and Schaekermann, Mike and Saab, Khaled and Freyberg, Jan and Tanno, Ryutaro and Wang, Amy and Li, Brenna and Amin, Mohamed and Tomasev, Nenad and others},
  journal={arXiv preprint arXiv:2401.05654},
  year={2024}
}
@article{schmidgall2024agentclinic,
  title={AgentClinic: a multimodal agent benchmark to evaluate AI in simulated clinical environments},
  author={Schmidgall, Samuel and Ziaei, Rojin and Harris, Carl and Reis, Eduardo and Jopling, Jeffrey and Moor, Michael},
  journal={arXiv preprint arXiv:2405.07960},
  year={2024}
}
@article{brohan2022rt,
  title={Rt-1: Robotics transformer for real-world control at scale},
  author={Brohan, Anthony and Brown, Noah and Carbajal, Justice and Chebotar, Yevgen and Dabis, Joseph and Finn, Chelsea and Gopalakrishnan, Keerthana and Hausman, Karol and Herzog, Alex and Hsu, Jasmine and others},
  journal={arXiv preprint arXiv:2212.06817},
  year={2022}
}
@article{brohan2023rt,
  title={Rt-2: Vision-language-action models transfer web knowledge to robotic control},
  author={Brohan, Anthony and Brown, Noah and Carbajal, Justice and Chebotar, Yevgen and Chen, Xi and Choromanski, Krzysztof and Ding, Tianli and Driess, Danny and Dubey, Avinava and Finn, Chelsea and others},
  journal={arXiv preprint arXiv:2307.15818},
  year={2023}
}
@misc{openai2024introducing,
  title = {Introducing OpenAI o1-Preview},
  author = {{OpenAI}},
  year = {2024},
  month = sep,
  url = {https://openai.com/index/introducing-openai-o1-preview/},
  note = {Accessed: 2024-09}
}

@article{black2024pi_0,
  title={$\pi_0$: A Vision-Language-Action Flow Model for General Robot Control},
  author={Black, Kevin and Brown, Noah and Driess, Danny and Esmail, Adnan and Equi, Michael and Finn, Chelsea and Fusai, Niccolo and Groom, Lachy and Hausman, Karol and Ichter, Brian and others},
  journal={arXiv preprint arXiv:2410.24164},
  year={2024}
}
@inproceedings{kimsurgical,
  title={Surgical Robot Transformer (SRT): Imitation Learning for Surgical Tasks},
  author={Kim, Ji Woong and Zhao, Tony Z and Schmidgall, Samuel and Deguet, Anton and Kobilarov, Marin and Finn, Chelsea and Krieger, Axel},
  year={2024},
  booktitle={8th Annual Conference on Robot Learning}
}
@inproceedings{shi2017world,
  title={World of bits: An open-domain platform for web-based agents},
  author={Shi, Tianlin and Karpathy, Andrej and Fan, Linxi and Hernandez, Jonathan and Liang, Percy},
  booktitle={International Conference on Machine Learning},
  pages={3135--3144},
  year={2017},
  organization={PMLR}
}
@article{he2024webvoyager,
  title={WebVoyager: Building an End-to-End Web Agent with Large Multimodal Models},
  author={He, Hongliang and Yao, Wenlin and Ma, Kaixin and Yu, Wenhao and Dai, Yong and Zhang, Hongming and Lan, Zhenzhong and Yu, Dong},
  journal={arXiv preprint arXiv:2401.13919},
  year={2024}
}
@inproceedings{padmakumardoes,
  title={Does Writing with Language Models Reduce Content Diversity?},
  author={Padmakumar, Vishakh and He, He},
  booktitle={The Twelfth International Conference on Learning Representations},
  year={2024}
}
@inproceedings{liu2024ai,
  title={How ai processing delays foster creativity: Exploring research question co-creation with an llm-based agent},
  author={Liu, Yiren and Chen, Si and Cheng, Haocong and Yu, Mengxia and Ran, Xiao and Mo, Andrew and Tang, Yiliu and Huang, Yun},
  booktitle={Proceedings of the CHI Conference on Human Factors in Computing Systems},
  pages={1--25},
  year={2024}
}
@article{d2024marg,
  title={Marg: Multi-agent review generation for scientific papers},
  author={D'Arcy, Mike and Hope, Tom and Birnbaum, Larry and Downey, Doug},
  journal={arXiv preprint arXiv:2401.04259},
  year={2024}
}
@article{li2024scilitllm,
  title={SciLitLLM: How to Adapt LLMs for Scientific Literature Understanding},
  author={Li, Sihang and Huang, Jin and Zhuang, Jiaxi and Shi, Yaorui and Cai, Xiaochen and Xu, Mingjun and Wang, Xiang and Zhang, Linfeng and Ke, Guolin and Cai, Hengxing},
  journal={arXiv preprint arXiv:2408.15545},
  year={2024}
}
@article{luo2024large,
  title={Large language models surpass human experts in predicting neuroscience results},
  author={Luo, Xiaoliang and Rechardt, Akilles and Sun, Guangzhi and Nejad, Kevin K and Y{\'a}{\~n}ez, Felipe and Yilmaz, Bati and Lee, Kangjoo and Cohen, Alexandra O and Borghesani, Valentina and Pashkov, Anton and others},
  journal={Nature Human Behaviour},
  pages={1--11},
  year={2024},
  publisher={Nature Publishing Group UK London}
}
@techreport{manning2024automated,
  title={Automated social science: Language models as scientist and subjects},
  author={Manning, Benjamin S and Zhu, Kehang and Horton, John J},
  year={2024},
  institution={National Bureau of Economic Research}
}
@article{huang2022large,
  title={Large language models can self-improve},
  author={Huang, Jiaxin and Gu, Shixiang Shane and Hou, Le and Wu, Yuexin and Wang, Xuezhi and Yu, Hongkun and Han, Jiawei},
  journal={arXiv preprint arXiv:2210.11610},
  year={2022}
}
@misc{AIDE,
    title = {Introducing Weco AIDE},
    url = {https://www.weco.ai/blog/technical-report},
    author = {Dominik Schmidt and Zhengyao Jiang and Yuxiang Unknown},
    year = {2024}
}
@article{anthropic2024claude,
  title={The claude 3 model family: Opus, sonnet, haiku},
  author={Anthropic, AI},
  journal={Claude-3 Model Card},
  volume={1},
  year={2024}
}
@article{hurst2024gpt,
  title={GPT-4o System Card},
  author={Hurst, Aaron and Lerer, Adam and Goucher, Adam P and Perelman, Adam and Ramesh, Aditya and Clark, Aidan and Ostrow, AJ and Welihinda, Akila and Hayes, Alan and Radford, Alec and others},
  journal={arXiv preprint arXiv:2410.21276},
  year={2024}
}
@article{touvron2023llama,
  title={Llama 2: Open foundation and fine-tuned chat models},
  author={Touvron, Hugo and Martin, Louis and Stone, Kevin and Albert, Peter and Almahairi, Amjad and Babaei, Yasmine and Bashlykov, Nikolay and Batra, Soumya and Bhargava, Prajjwal and Bhosale, Shruti and others},
  journal={arXiv preprint arXiv:2307.09288},
  year={2023}
}
@article{touvron2023llama1,
  title={Llama: Open and efficient foundation language models},
  author={Touvron, Hugo and Lavril, Thibaut and Izacard, Gautier and Martinet, Xavier and Lachaux, Marie-Anne and Lacroix, Timoth{\'e}e and Rozi{\`e}re, Baptiste and Goyal, Naman and Hambro, Eric and Azhar, Faisal and others},
  journal={arXiv preprint arXiv:2302.13971},
  year={2023}
}
@article{brown2020language,
  title={Language models are few-shot learners},
  author={Brown, Tom B},
  journal={arXiv preprint arXiv:2005.14165},
  year={2020}
}
@article{vaswani2017attention,
  title={Attention is all you need},
  author={Vaswani, A},
  journal={Advances in Neural Information Processing Systems},
  year={2017}
}
@inproceedings{huang2024mlagentbench,
  title={MLAgentBench: Evaluating Language Agents on Machine Learning Experimentation},
  author={Huang, Qian and Vora, Jian and Liang, Percy and Leskovec, Jure},
  booktitle={Forty-first International Conference on Machine Learning},
  year={2024}
}
@article{jing2024dsbench,
  title={DSBench: How Far Are Data Science Agents to Becoming Data Science Experts?},
  author={Jing, Liqiang and Huang, Zhehui and Wang, Xiaoyang and Yao, Wenlin and Yu, Wenhao and Ma, Kaixin and Zhang, Hongming and Du, Xinya and Yu, Dong},
  journal={arXiv preprint arXiv:2409.07703},
  year={2024}
}
@article{chan2024mle,
  title={Mle-bench: Evaluating machine learning agents on machine learning engineering},
  author={Chan, Jun Shern and Chowdhury, Neil and Jaffe, Oliver and Aung, James and Sherburn, Dane and Mays, Evan and Starace, Giulio and Liu, Kevin and Maksin, Leon and Patwardhan, Tejal and others},
  journal={arXiv preprint arXiv:2410.07095},
  year={2024}
}
@article{grosnit2024large,
  title={Large Language Models Orchestrating Structured Reasoning Achieve Kaggle Grandmaster Level},
  author={Grosnit, Antoine and Maraval, Alexandre and Doran, James and Paolo, Giuseppe and Thomas, Albert and Beevi, Refinath Shahul Hameed Nabeezath and Gonzalez, Jonas and Khandelwal, Khyati and Iacobacci, Ignacio and Benechehab, Abdelhakim and others},
  journal={arXiv preprint arXiv:2411.03562},
  year={2024}
}
@article{li2024codetree,
  title={CodeTree: Agent-guided Tree Search for Code Generation with Large Language Models},
  author={Li, Jierui and Le, Hung and Zhou, Yinbo and Xiong, Caiming and Savarese, Silvio and Sahoo, Doyen},
  journal={arXiv preprint arXiv:2411.04329},
  year={2024}
}
@article{yao2024tree,
  title={Tree of thoughts: Deliberate problem solving with large language models},
  author={Yao, Shunyu and Yu, Dian and Zhao, Jeffrey and Shafran, Izhak and Griffiths, Tom and Cao, Yuan and Narasimhan, Karthik},
  journal={Advances in Neural Information Processing Systems},
  volume={36},
  year={2024}
}
@article{ghafarollahi2024sciagents,
  title={SciAgents: Automating scientific discovery through multi-agent intelligent graph reasoning},
  author={Ghafarollahi, Alireza and Buehler, Markus J},
  journal={arXiv preprint arXiv:2409.05556},
  year={2024}
}
@inproceedings{khattab2024dspy,
  title={DSPy: Compiling Declarative Language Model Calls into State-of-the-Art Pipelines},
  author={Khattab, Omar and Singhvi, Arnav and Maheshwari, Paridhi and Zhang, Zhiyuan and Santhanam, Keshav and Haq, Saiful and Sharma, Ashutosh and Joshi, Thomas T and Moazam, Hanna and Miller, Heather and others},
  booktitle={The Twelfth International Conference on Learning Representations},
  year={2024}
}
@article{baek2024researchagent,
  title={Researchagent: Iterative research idea generation over scientific literature with large language models},
  author={Baek, Jinheon and Jauhar, Sujay Kumar and Cucerzan, Silviu and Hwang, Sung Ju},
  journal={arXiv preprint arXiv:2404.07738},
  year={2024}
}
@article{si2024can,
  title={Can LLMs Generate Novel Research Ideas? A Large-Scale Human Study with 100+ NLP Researchers},
  author={Si, Chenglei and Yang, Diyi and Hashimoto, Tatsunori},
  journal={arXiv preprint arXiv:2409.04109},
  year={2024}
}
@article{lu2024ai,
  title={The AI scientist: Towards fully automated open-ended scientific discovery},
  author={Lu, Chris and Lu, Cong and Lange, Robert Tjarko and Foerster, Jakob and Clune, Jeff and Ha, David},
  journal={arXiv preprint arXiv:2408.06292},
  year={2024}
}
@misc{
fernando2024promptbreeder,
title={Promptbreeder: Self-Referential Self-Improvement via Prompt Evolution},
author={Chrisantha Fernando and Dylan Sunil Banarse and Henryk Michalewski and Simon Osindero and Tim Rockt{\"a}schel},
year={2024}
}

@inproceedings{
yang2024OPRO,
title={Large Language Models as Optimizers},
author={Chengrun Yang and Xuezhi Wang and Yifeng Lu and Hanxiao Liu and Quoc V Le and Denny Zhou and Xinyun Chen},
booktitle={The Twelfth International Conference on Learning Representations},
year={2024},
url={https://openreview.net/forum?id=Bb4VGOWELI}
}

@article{liu2023dynamic,
  title={Dynamic llm-agent network: An llm-agent collaboration framework with agent team optimization},
  author={Liu, Zijun and Zhang, Yanzhe and Li, Peng and Liu, Yang and Yang, Diyi},
  journal={arXiv preprint arXiv:2310.02170},
  year={2023}
}

@article{qian2023communicative,
  title={Communicative agents for software development},
  author={Qian, Chen and Cong, Xin and Yang, Cheng and Chen, Weize and Su, Yusheng and Xu, Juyuan and Liu, Zhiyuan and Sun, Maosong},
  journal={arXiv preprint arXiv:2307.07924},
  year={2023}
}

@article{wu2023autogen,
  title={Autogen: Enabling next-gen llm applications via multi-agent conversation framework},
  author={Wu, Qingyun and Bansal, Gagan and Zhang, Jieyu and Wu, Yiran and Zhang, Shaokun and Zhu, Erkang and Li, Beibin and Jiang, Li and Zhang, Xiaoyun and Wang, Chi},
  journal={arXiv preprint arXiv:2308.08155},
  year={2023}
}

@misc{compound-ai-blog,
  title={The Shift from Models to Compound AI Systems},
  author={Matei Zaharia and Omar Khattab and Lingjiao Chen and Jared Quincy Davis
          and Heather Miller and Chris Potts and James Zou and Michael Carbin
          and Jonathan Frankle and Naveen Rao and Ali Ghodsi},
  howpublished={\url{https://bair.berkeley.edu/blog/2024/02/18/compound-ai-systems/}},
  year={2024}
}

@article{chu2023cotsurvey,
  title={A survey of chain of thought reasoning: Advances, frontiers and future},
  author={Chu, Zheng and Chen, Jingchang and Chen, Qianglong and Yu, Weijiang and He, Tao and Wang, Haotian and Peng, Weihua and Liu, Ming and Qin, Bing and Liu, Ting},
  journal={arXiv preprint arXiv:2309.15402},
  year={2023}
}

@article{qu2024toolsurvey,
  title={Tool Learning with Large Language Models: A Survey},
  author={Qu, Changle and Dai, Sunhao and Wei, Xiaochi and Cai, Hengyi and Wang, Shuaiqiang and Yin, Dawei and Xu, Jun and Wen, Ji-Rong},
  journal={arXiv preprint arXiv:2405.17935},
  year={2024}
}

@article{guo2024multiagentsurvey,
  title={Large language model based multi-agents: A survey of progress and challenges},
  author={Guo, Taicheng and Chen, Xiuying and Wang, Yaqi and Chang, Ruidi and Pei, Shichao and Chawla, Nitesh V and Wiest, Olaf and Zhang, Xiangliang},
  journal={arXiv preprint arXiv:2402.01680},
  year={2024}
}
@article{m2024augmenting,
  title={Augmenting large language models with chemistry tools},
  author={M. Bran, Andres and Cox, Sam and Schilter, Oliver and Baldassari, Carlo and White, Andrew D and Schwaller, Philippe},
  journal={Nature Machine Intelligence},
  pages={1--11},
  year={2024},
  publisher={Nature Publishing Group UK London}
}
@article{boiko2023autonomous,
  title={Autonomous chemical research with large language models},
  author={Boiko, Daniil A and MacKnight, Robert and Kline, Ben and Gomes, Gabe},
  journal={Nature},
  volume={624},
  number={7992},
  pages={570--578},
  year={2023},
  publisher={Nature Publishing Group UK London}
}
@book{chalmers2013thing,
  title={What is this thing called science?},
  author={Chalmers, Alan},
  year={2013},
  publisher={McGraw-Hill Education (UK)}
}
@book{gauch2003scientific,
  title={Scientific method in practice},
  author={Gauch, Hugh G},
  year={2003},
  publisher={Cambridge University Press}
}
@book{jevons1877principles,
  title={The principles of science: A treatise on logic and scientific method},
  author={Jevons, William Stanley},
  year={1877},
  publisher={Macmillan and Company}
}
@article{ghafarollahi2024protagents,
  title={ProtAgents: protein discovery via large language model multi-agent collaborations combining physics and machine learning},
  author={Ghafarollahi, Alireza and Buehler, Markus J},
  journal={Digital Discovery},
  year={2024},
  publisher={Royal Society of Chemistry}
}
@article{lin2024biokgbench,
  title={BioKGBench: A Knowledge Graph Checking Benchmark of AI Agent for Biomedical Science},
  author={Lin, Xinna and Ma, Siqi and Shan, Junjie and Zhang, Xiaojing and Hu, Shell Xu and Guo, Tiannan and Li, Stan Z and Yu, Kaicheng},
  journal={arXiv preprint arXiv:2407.00466},
  year={2024}
}
@article{chen2024scienceagentbench,
  title={Scienceagentbench: Toward rigorous assessment of language agents for data-driven scientific discovery},
  author={Chen, Ziru and Chen, Shijie and Ning, Yuting and Zhang, Qianheng and Wang, Boshi and Yu, Botao and Li, Yifei and Liao, Zeyi and Wei, Chen and Lu, Zitong and others},
  journal={arXiv preprint arXiv:2410.05080},
  year={2024}
}
@article{song2024cs,
  title={CS-Bench: A Comprehensive Benchmark for Large Language Models towards Computer Science Mastery},
  author={Song, Xiaoshuai and Diao, Muxi and Dong, Guanting and Wang, Zhengyang and Fu, Yujia and Qiao, Runqi and Wang, Zhexu and Fu, Dayuan and Wu, Huangxuan and Liang, Bin and others},
  journal={arXiv preprint arXiv:2406.08587},
  year={2024}
}
@article{jiao2024navigating,
  title={Navigating llm ethics: Advancements, challenges, and future directions},
  author={Jiao, Junfeng and Afroogh, Saleh and Xu, Yiming and Phillips, Connor},
  journal={arXiv preprint arXiv:2406.18841},
  year={2024}
}
@article{watkins2024guidance,
  title={Guidance for researchers and peer-reviewers on the ethical use of Large Language Models (LLMs) in scientific research workflows},
  author={Watkins, Ryan},
  journal={AI and Ethics},
  volume={4},
  number={4},
  pages={969--974},
  year={2024},
  publisher={Springer}
}
@article{li2024chain,
  title={Chain of Ideas: Revolutionizing Research Via Novel Idea Development with LLM Agents},
  author={Li, Long and Xu, Weiwen and Guo, Jiayan and Zhao, Ruochen and Li, Xingxuan and Yuan, Yuqian and Zhang, Boqiang and Jiang, Yuming and Xin, Yifei and Dang, Ronghao and others},
  journal={arXiv preprint arXiv:2410.13185},
  year={2024}
}
@article{weng2024cycleresearcher,
  title={CycleResearcher: Improving Automated Research via Automated Review},
  author={Weng, Yixuan and Zhu, Minjun and Bao, Guangsheng and Zhang, Hongbo and Wang, Jindong and Zhang, Yue and Yang, Linyi},
  journal={arXiv preprint arXiv:2411.00816},
  year={2024}
}
@article{lala2023paperqa,
  title={Paperqa: Retrieval-augmented generative agent for scientific research},
  author={L{\'a}la, Jakub and O'Donoghue, Odhran and Shtedritski, Aleksandar and Cox, Sam and Rodriques, Samuel G and White, Andrew D},
  journal={arXiv preprint arXiv:2312.07559},
  year={2023}
}
@article{chen2024scholarchemqa,
  title={ScholarChemQA: Unveiling the Power of Language Models in Chemical Research Question Answering},
  author={Chen, Xiuying and Wang, Tairan and Guo, Taicheng and Guo, Kehan and Zhou, Juexiao and Li, Haoyang and Zhuge, Mingchen and Schmidhuber, J{\"u}rgen and Gao, Xin and Zhang, Xiangliang},
  journal={arXiv preprint arXiv:2407.16931},
  year={2024}
}
@article{pramanick2024spiqa,
  title={Spiqa: A dataset for multimodal question answering on scientific papers},
  author={Pramanick, Shraman and Chellappa, Rama and Venugopalan, Subhashini},
  journal={arXiv preprint arXiv:2407.09413},
  year={2024}
}
@article{weng2023agent,
  title   = "LLM-powered Autonomous Agents",
  author  = "Weng, Lilian",
  journal = "lilianweng.github.io",
  year    = "2023",
  month   = "Jun",
  url     = "https://lilianweng.github.io/posts/2023-06-23-agent/"
}

@article{wang2024llmagentsurvey,
  title={A survey on large language model based autonomous agents},
  author={Wang, Lei and Ma, Chen and Feng, Xueyang and Zhang, Zeyu and Yang, Hao and Zhang, Jingsen and Chen, Zhiyuan and Tang, Jiakai and Chen, Xu and Lin, Yankai and others},
  journal={Frontiers of Computer Science},
  volume={18},
  number={6},
  pages={186345},
  year={2024},
  publisher={Springer}
}

@article{white2023prompt,
  title={A prompt pattern catalog to enhance prompt engineering with chatgpt},
  author={White, Jules and Fu, Quchen and Hays, Sam and Sandborn, Michael and Olea, Carlos and Gilbert, Henry and Elnashar, Ashraf and Spencer-Smith, Jesse and Schmidt, Douglas C},
  journal={arXiv preprint arXiv:2302.11382},
  year={2023}
}

@article{zhang2024memroysurvey,
  title={A survey on the memory mechanism of large language model based agents},
  author={Zhang, Zeyu and Bo, Xiaohe and Ma, Chen and Li, Rui and Chen, Xu and Dai, Quanyu and Zhu, Jieming and Dong, Zhenhua and Wen, Ji-Rong},
  journal={arXiv preprint arXiv:2404.13501},
  year={2024}
}

@INPROCEEDINGS{Dalal2005hog,
  author={Dalal, N. and Triggs, B.},
  booktitle={2005 IEEE Computer Society Conference on Computer Vision and Pattern Recognition (CVPR'05)}, 
  title={Histograms of oriented gradients for human detection}, 
  year={2005},
  volume={1},
  number={},
  pages={886-893 vol. 1},
  keywords={Histograms;Humans;Robustness;Object recognition;Support vector machines;Object detection;Testing;Image edge detection;High performance computing;Image databases},
  doi={10.1109/CVPR.2005.177}
}

@INPROCEEDINGS{Lowe1999sift,
  author={Lowe, D.G.},
  booktitle={Proceedings of the Seventh IEEE International Conference on Computer Vision}, 
  title={Object recognition from local scale-invariant features}, 
  year={1999},
  volume={2},
  number={},
  pages={1150-1157 vol.2},
  keywords={Object recognition;Electrical capacitance tomography;Image recognition;Lighting;Neurons;Computer science;Reactive power;Filters;Programmable logic arrays;Layout},
  doi={10.1109/ICCV.1999.790410}
}

@article{krizhevsky2012alexnet,
  title={Imagenet classification with deep convolutional neural networks},
  author={Krizhevsky, Alex and Sutskever, Ilya and Hinton, Geoffrey E},
  journal={Advances in neural information processing systems},
  volume={25},
  year={2012}
}

@book{hutter2019automl,
  title={Automated machine learning: methods, systems, challenges},
  author={Hutter, Frank and Kotthoff, Lars and Vanschoren, Joaquin},
  year={2019},
  publisher={Springer Nature}
}

@article{clune2019aigas,
  title={AI-GAs: AI-generating algorithms, an alternate paradigm for producing general artificial intelligence},
  author={Clune, Jeff},
  journal={arXiv preprint arXiv:1905.10985},
  year={2019}
}

@article{elsken2019neural,
  title={Neural architecture search: A survey},
  author={Elsken, Thomas and Metzen, Jan Hendrik and Hutter, Frank},
  journal={Journal of Machine Learning Research},
  volume={20},
  number={55},
  pages={1--21},
  year={2019}
}

@article{mintberg1979structuring,
  title={The structuring of organizations: a synthesis of the research},
  author={Mintberg, Henry},
  journal={Englewood Cliffs, NJ},
  year={1979}
}

@inproceedings{huang2023revisiting,
  title={Revisiting residual networks for adversarial robustness},
  author={Huang, Shihua and Lu, Zhichao and Deb, Kalyanmoy and Boddeti, Vishnu Naresh},
  booktitle={Proceedings of the IEEE/CVF Conference on Computer Vision and Pattern Recognition},
  pages={8202--8211},
  year={2023}
}

@inproceedings{park2023generative,
  title={Generative agents: Interactive simulacra of human behavior},
  author={Park, Joon Sung and O'Brien, Joseph and Cai, Carrie Jun and Morris, Meredith Ringel and Liang, Percy and Bernstein, Michael S},
  booktitle={Proceedings of the 36th annual acm symposium on user interface software and technology},
  pages={1--22},
  year={2023}
}

@inproceedings{ecoffet2020open,
  title={Open Questions in Creating Safe Open-ended {AI}: Tensions Between Control and Creativity},
  author={Ecoffet, Adrien and Clune, Jeff and Lehman, Joel},
  booktitle={Conference on Artificial Life},
  pages={27--35},
  year={2020},
  organization={MIT Press}
}


@article{bostrom2002a,
  edition = {Publisher's version},
  number = {},
  journal = {Journal of Evolution and Technology},
  pages = {},
  publisher = {Institute for Ethics and Emerging Technologies},
  school = {},
  title = {{Existential Risks}: analyzing human extinction scenarios and related hazards},
  volume = {9},
  author = {Bostrom, N},
  editor = {},
  year = {2002},
  series = {}
}

@article{sotala2014responses,
  title={{Responses to catastrophic AGI risk}: a survey},
  author={Sotala, Kaj and Yampolskiy, Roman V},
  journal={Physica Scripta},
  volume={90},
  number={1},
  pages={018001},
  year={2014},
  publisher={IOP Publishing}
}

@article{yudkowsky2008artificial,
  title={{Artificial Intelligence} as a positive and negative factor in global risk},
  author={Yudkowsky, Eliezer and others},
  journal={Global catastrophic risks},
  volume={1},
  number={303},
  pages={184},
  year={2008}
}

@article{dietterich2015rise,
  title={Rise of concerns about {AI}: reflections and directions},
  author={Dietterich, Thomas G and Horvitz, Eric J},
  journal={Communications of the ACM},
  volume={58},
  number={10},
  pages={38--40},
  year={2015},
  publisher={ACM New York, NY, USA}
}

@book{boyer1983mechanical,
  title={A mechanical proof of the Turing completeness of pure LISP},
  author={Boyer, Robert S and Moore, J Strother},
  year={1983},
  publisher={Citeseer}
}

@misc{ladha2024turing,
    author = {Abrahim Ladha},
    title = {Lecture 11: Turing-Completeness},
    year = {2024},
    howpublished = {\url{https://faculty.cc.gatech.edu/~ladha/S24/4510/L11.pdf}},
    note = {CS 4510 Automata and Complexity, February 21st, 2024, Scribed by Rishabh Singhal}
}

@inproceedings{
zhang2024omni,
title={{OMNI}: Open-endedness via Models of human Notions of Interestingness},
author={Jenny Zhang and Joel Lehman and Kenneth Stanley and Jeff Clune},
booktitle={The Twelfth International Conference on Learning Representations},
year={2024},
url={https://openreview.net/forum?id=AgM3MzT99c}
}

@book{sutton2018reinforcement,
  title={Reinforcement learning: An introduction},
  author={Sutton, Richard S and Barto, Andrew G},
  year={2018},
  publisher={MIT press}
}

@article{chollet2019measure,
  title={On the measure of intelligence},
  author={Chollet, Fran{\c{c}}ois},
  journal={arXiv preprint arXiv:1911.01547},
  year={2019}
}

@inproceedings{dua-2019-drop,
    title = "{DROP}: A Reading Comprehension Benchmark Requiring Discrete Reasoning Over Paragraphs",
    author = "Dua, Dheeru  and
      Wang, Yizhong  and
      Dasigi, Pradeep  and
      Stanovsky, Gabriel  and
      Singh, Sameer  and
      Gardner, Matt",
    editor = "Burstein, Jill  and
      Doran, Christy  and
      Solorio, Thamar",
    booktitle = "Proceedings of the 2019 Conference of the North {A}merican Chapter of the Association for Computational Linguistics: Human Language Technologies, Volume 1 (Long and Short Papers)",
    month = jun,
    year = "2019",
    address = "Minneapolis, Minnesota",
    publisher = "Association for Computational Linguistics",
    doi = "10.18653/v1/N19-1246",
    pages = "2368--2378",
}

@inproceedings{
shi2023language,
title={Language models are multilingual chain-of-thought reasoners},
author={Freda Shi and Mirac Suzgun and Markus Freitag and Xuezhi Wang and Suraj Srivats and Soroush Vosoughi and Hyung Won Chung and Yi Tay and Sebastian Ruder and Denny Zhou and Dipanjan Das and Jason Wei},
booktitle={The Eleventh International Conference on Learning Representations },
year={2023}
}

@article{cobbe2021gsm8k,
  title={Training verifiers to solve math word problems},
  author={Cobbe, Karl and Kosaraju, Vineet and Bavarian, Mohammad and Chen, Mark and Jun, Heewoo and Kaiser, Lukasz and Plappert, Matthias and Tworek, Jerry and Hilton, Jacob and Nakano, Reiichiro and others},
  journal={arXiv preprint arXiv:2110.14168},
  year={2021}
}

@inproceedings{gao2023gsmhard,
  title={Pal: Program-aided language models},
  author={Gao, Luyu and Madaan, Aman and Zhou, Shuyan and Alon, Uri and Liu, Pengfei and Yang, Yiming and Callan, Jamie and Neubig, Graham},
  booktitle={International Conference on Machine Learning},
  pages={10764--10799},
  year={2023},
  organization={PMLR}
}

@misc{langchain,
    author = {LangChainAI},
    title = {LangChain: Build context-aware reasoning applications},
    year = {2022},
    publisher = {GitHub},
    journal = {GitHub repository},
    howpublished = {\url{https://github.com/langchain-ai/langchain}},
}

@article{lewis2020rag,
  title={Retrieval-augmented generation for knowledge-intensive nlp tasks},
  author={Lewis, Patrick and Perez, Ethan and Piktus, Aleksandra and Petroni, Fabio and Karpukhin, Vladimir and Goyal, Naman and K{\"u}ttler, Heinrich and Lewis, Mike and Yih, Wen-tau and Rockt{\"a}schel, Tim and others},
  journal={Advances in Neural Information Processing Systems},
  volume={33},
  pages={9459--9474},
  year={2020}
}

@article{romera2024funSearch,
  title={Mathematical discoveries from program search with large language models},
  author={Romera-Paredes, Bernardino and Barekatain, Mohammadamin and Novikov, Alexander and Balog, Matej and Kumar, M Pawan and Dupont, Emilien and Ruiz, Francisco JR and Ellenberg, Jordan S and Wang, Pengming and Fawzi, Omar and others},
  journal={Nature},
  volume={625},
  number={7995},
  pages={468--475},
  year={2024},
  publisher={Nature Publishing Group UK London}
}

@inproceedings{zhang2024agentoptimizer,
  title={Offline Training of Language Model Agents with Functions as Learnable Weights},
  author={Zhang, Shaokun and Zhang, Jieyu and Liu, Jiale and Song, Linxin and Wang, Chi and Krishna, Ranjay and Wu, Qingyun},
  year={2024},
  booktitle={Forty-first International Conference on Machine Learning}
}

@article{zhou2024symbolic,
  title={Symbolic Learning Enables Self-Evolving Agents},
  author={Zhou, Wangchunshu and Ou, Yixin and Ding, Shengwei and Li, Long and Wu, Jialong and Wang, Tiannan and Chen, Jiamin and Wang, Shuai and Xu, Xiaohua and Zhang, Ningyu and others},
  journal={arXiv preprint arXiv:2406.18532},
  year={2024}
}

@misc{Greenblatt2024arcSOTA,
  author = {Greenblatt, Ryan},
  title = {Getting 50\% SOTA on ARC-AGI with GPT-4},
  howpublished = {\url{https://redwoodresearch.substack.com/p/getting-50-sota-on-arc-agi-with-gpt}},
  year = {2024},
  month = {July},
  note = {Technical Report}
}

@inproceedings{
hendrycks2021mmlu,
title={Measuring Massive Multitask Language Understanding},
author={Dan Hendrycks and Collin Burns and Steven Basart and Andy Zou and Mantas Mazeika and Dawn Song and Jacob Steinhardt},
booktitle={International Conference on Learning Representations},
year={2021}
}

@misc{rein2023gpqa,
      title={GPQA: A Graduate-Level Google-Proof Q\&A Benchmark},
      author={David Rein and Betty Li Hou and Asa Cooper Stickland and Jackson Petty and Richard Yuanzhe Pang and Julien Dirani and Julian Michael and Samuel R. Bowman},
      year={2023},
      eprint={2311.12022},
      archivePrefix={arXiv},
      primaryClass={cs.AI}
}

@misc{openai2024gpt4,
      title={GPT-4 Technical Report}, 
      author={OpenAI},
      year={2024},
      eprint={2303.08774},
      archivePrefix={arXiv},
      primaryClass={cs.CL}
}

@misc{anthropic_claude3.5,
  author = {Anthropic},
  title = {Introducing Claude 3.5 Sonnet},
  howpublished = {\url{https://www.anthropic.com/news/claude-3-5-sonnet}},
  year = {2024},
  month = {June},
  note = {Blog post}
}

@misc{anthropic_2024_claude3,
  author = {Anthropic},
  title = {Introducing the Next Generation of Claude},
  howpublished = {\url{https://www.anthropic.com/news/claude-3-family}},
  year = {2024},
  month = {March},
  note = {Blog post}
}

@misc{openai_gpt3.5,
  author = {OpenAI},
  title = {Introducing ChatGPT},
  howpublished = {\url{https://openai.com/index/chatgpt/}},
  year = {2022},
  month = {November},
  note = {Blog post}
}

@inproceedings{patel2021SVAMP,
    title = "Are {NLP} Models really able to Solve Simple Math Word Problems?",
    author = "Patel, Arkil  and
      Bhattamishra, Satwik  and
      Goyal, Navin",
    booktitle = "Proceedings of the 2021 Conference of the North American Chapter of the Association for Computational Linguistics: Human Language Technologies",
    month = jun,
    year = "2021",
    address = "Online",
    publisher = "Association for Computational Linguistics",
    doi = "10.18653/v1/2021.naacl-main.168",
    pages = "2080--2094"
}

@inproceedings{miao-2020-asdiv,
  title={A Diverse Corpus for Evaluating and Developing English Math Word Problem Solvers},
  author={Miao, Shen-yun and Liang, Chao-Chun and Su, Keh-Yih},
  booktitle={Proceedings of the 58th Annual Meeting of the Association for Computational Linguistics},
  pages={975--984},
  year={2020}
}

@misc{Ng_agent_def,
  author = {Ng, Andrew},
  title = {Issue 253},
  howpublished = {\url{https://www.deeplearning.ai/the-batch/issue-253/}},
  year = {2024},
  month = {June},
  note = {Newsletter issue}
}

@misc{chase_2024_whatisagent,
  author = {Harrison Chase},
  title = {What is an agent?},
  howpublished = {\url{https://blog.langchain.dev/what-is-an-agent/}},
  year = {2024},
  month = {June},
  note = {Blog post}
}

@inproceedings{
yao2023react,
title={ReAct: Synergizing Reasoning and Acting in Language Models},
author={Shunyu Yao and Jeffrey Zhao and Dian Yu and Nan Du and Izhak Shafran and Karthik R Narasimhan and Yuan Cao},
booktitle={The Eleventh International Conference on Learning Representations },
year={2023},
url={https://openreview.net/forum?id=WE_vluYUL-X}
}

@article{hu2023ThoughtCloning,
  title={{Thought Cloning}: Learning to think while acting by imitating human thinking},
  author={Hu, Shengran and Clune, Jeff},
  journal={Advances in Neural Information Processing Systems},
  volume={36},
  year={2024}
}

@inproceedings{
schick2023toolformer,
title={Toolformer: Language Models Can Teach Themselves to Use Tools},
author={Timo Schick and Jane Dwivedi-Yu and Roberto Dessi and Roberta Raileanu and Maria Lomeli and Eric Hambro and Luke Zettlemoyer and Nicola Cancedda and Thomas Scialom},
booktitle={Thirty-seventh Conference on Neural Information Processing Systems},
year={2023},
url={https://openreview.net/forum?id=Yacmpz84TH}
}

@INPROCEEDINGS {Zoph2018Nasnet,
author = {B. Zoph and V. Vasudevan and J. Shlens and Q. V. Le},
booktitle = {2018 IEEE/CVF Conference on Computer Vision and Pattern Recognition (CVPR)},
title = {Learning Transferable Architectures for Scalable Image Recognition},
year = {2018},
volume = {},
issn = {},
pages = {8697-8710},
doi = {10.1109/CVPR.2018.00907},
publisher = {IEEE Computer Society},
address = {Los Alamitos, CA, USA},
month = {jun}
}

@article{hu2021accelerating,
  title={Accelerating multi-objective neural architecture search by random-weight evaluation},
  author={Hu, Shengran and Cheng, Ran and He, Cheng and Lu, Zhichao and Wang, Jing and Zhang, Miao},
  journal={Complex \& Intelligent Systems},
  pages={1--10},
  year={2021},
  publisher={Springer}
}

@inproceedings{lu2019nsga,
  title={Nsga-net: neural architecture search using multi-objective genetic algorithm},
  author={Lu, Zhichao and Whalen, Ian and Boddeti, Vishnu and Dhebar, Yashesh and Deb, Kalyanmoy and Goodman, Erik and Banzhaf, Wolfgang},
  booktitle={Proceedings of the genetic and evolutionary computation conference},
  pages={419--427},
  year={2019}
}

@inproceedings{finn2017maml,
  title={Model-agnostic meta-learning for fast adaptation of deep networks},
  author={Finn, Chelsea and Abbeel, Pieter and Levine, Sergey},
  booktitle={International conference on machine learning},
  pages={1126--1135},
  year={2017},
  organization={PMLR}
}

@article{norman2023first,
  title={First-explore, then exploit: Meta-learning intelligent exploration},
  author={Norman, Ben and Clune, Jeff},
  journal={arXiv preprint arXiv:2307.02276},
  year={2023}
}
@inproceedings{duan2017rlsquare,
  title={{RL}{\textasciicircum}2: Fast Reinforcement Learning via Slow Reinforcement Learning},
    author={Yan Duan and John Schulman and Xi Chen and Peter L. Bartlett and Ilya Sutskever and Pieter Abbeel},
    year={2017},
    booktitle={International Conference on Learning Representations}
}

@inproceedings{wang2019poet,
author = {Wang, Rui and Lehman, Joel and Clune, Jeff and Stanley, Kenneth O.},
title = {POET: open-ended coevolution of environments and their optimized solutions},
year = {2019},
isbn = {9781450361118},
publisher = {Association for Computing Machinery},
address = {New York, NY, USA},
doi = {10.1145/3321707.3321799},
booktitle = {Proceedings of the Genetic and Evolutionary Computation Conference},
pages = {142â€“151},
numpages = {10},
keywords = {artificial life, coevolution, evolution strategies, novelty search, open-ended evolution},
location = {Prague, Czech Republic},
series = {GECCO '19}
}

@article{faldor2024omni,
  title={OMNI-EPIC: Open-endedness via Models of human Notions of Interestingness with Environments Programmed in Code},
  author={Faldor, Maxence and Zhang, Jenny and Cully, Antoine and Clune, Jeff},
  journal={arXiv preprint arXiv:2405.15568},
  year={2024}
}

@inproceedings{hu2021multi,
  title={Multi-objective neural architecture search with almost no training},
  author={Hu, Shengran and Cheng, Ran and He, Cheng and Lu, Zhichao},
  booktitle={International Conference on Evolutionary Multi-Criterion Optimization},
  pages={492--503},
  year={2021},
  organization={Springer}
}

@inproceedings{dharna2020co,
  title={Co-generation of game levels and game-playing agents},
  author={Dharna, Aaron and Togelius, Julian and Soros, Lisa B},
  booktitle={Proceedings of the AAAI Conference on Artificial Intelligence and Interactive Digital Entertainment},
  volume={16},
  pages={203--209},
  year={2020}
}

@misc{chiang2024arena,
    title={Chatbot Arena: An Open Platform for Evaluating LLMs by Human Preference},
    author={Wei-Lin Chiang and Lianmin Zheng and Ying Sheng and Anastasios Nikolas Angelopoulos and Tianle Li and Dacheng Li and Hao Zhang and Banghua Zhu and Michael Jordan and Joseph E. Gonzalez and Ion Stoica},
    year={2024},
    eprint={2403.04132},
    archivePrefix={arXiv},
    primaryClass={cs.AI}
}

@inproceedings{liu2024evolution,
  title={Evolution of Heuristics: Towards Efficient Automatic Algorithm Design Using Large Language Model},
  author={Liu, Fei and Xialiang, Tong and Yuan, Mingxuan and Lin, Xi and Luo, Fu and Wang, Zhenkun and Lu, Zhichao and Zhang, Qingfu},
  booktitle={Forty-first International Conference on Machine Learning},
  year={2024}
}

@inproceedings{lu2023arbitrary,
  title={Arbitrary Order Meta-Learning with Simple Population-Based Evolution},
  author={Lu, Chris and Towers, Sebastian and Foerster, Jakob},
  booktitle={ALIFE 2023: Ghost in the Machine: Proceedings of the 2023 Artificial Life Conference},
  year={2023},
  organization={MIT Press}
}

@article{lu2024discopop,
  title={Discovering Preference Optimization Algorithms with and for Large Language Models},
  author={Lu, Chris and Holt, Samuel and Fanconi, Claudio and Chan, Alex J and Foerster, Jakob and van der Schaar, Mihaela and Lange, Robert Tjarko},
  journal={arXiv preprint arXiv:2406.08414},
  year={2024}
}

@article{rafailov2024dpo,
  title={Direct preference optimization: Your language model is secretly a reward model},
  author={Rafailov, Rafael and Sharma, Archit and Mitchell, Eric and Manning, Christopher D and Ermon, Stefano and Finn, Chelsea},
  journal={Advances in Neural Information Processing Systems},
  volume={36},
  year={2024}
}

@misc{autogpt,
  author = {Richards, Toran Bruce},
  title = {AutoGPT},
  howpublished = {\url{https://github.com/Significant-Gravitas/AutoGPT}},
  year = {2023},
  note = {GitHub repository}
}

@article{wang2023voyager,
  title   = {Voyager: An Open-Ended Embodied Agent with Large Language Models},
  author  = {Guanzhi Wang and Yuqi Xie and Yunfan Jiang and Ajay Mandlekar and Chaowei Xiao and Yuke Zhu and Linxi Fan and Anima Anandkumar},
  year    = {2023},
  journal = {arXiv preprint arXiv: Arxiv-2305.16291}
}

@techreport{vemprala2023chatgpt_robotics,
author = {Vemprala, Sai and Bonatti, Rogerio and Bucker, Arthur and Kapoor, Ashish},
title = {ChatGPT for Robotics: Design Principles and Model Abilities},
institution = {Microsoft},
year = {2023},
month = {February},
url = {https://www.microsoft.com/en-us/research/publication/chatgpt-for-robotics-design-principles-and-model-abilities/},
number = {MSR-TR-2023-8},
}


@article{chen2023unleashing,
  title={Unleashing the potential of prompt engineering in Large Language Models: a comprehensive review},
  author={Chen, Banghao and Zhang, Zhaofeng and Langren{\'e}, Nicolas and Zhu, Shengxin},
  journal={arXiv preprint arXiv:2310.14735},
  year={2023}
}

@article{schulhoff2024prompt,
  title={The Prompt Report: A Systematic Survey of Prompting Techniques},
  author={Schulhoff, Sander and Ilie, Michael and Balepur, Nishant and Kahadze, Konstantine and Liu, Amanda and Si, Chenglei and Li, Yinheng and Gupta, Aayush and Han, HyoJung and Schulhoff, Sevien and others},
  journal={arXiv preprint arXiv:2406.06608},
  year={2024}
}

@inproceedings{rokon2020sourcefinder,
  title={$\{$SourceFinder$\}$: Finding malware $\{$Source-Code$\}$ from publicly available repositories in $\{$GitHub$\}$},
  author={Rokon, Md Omar Faruk and Islam, Risul and Darki, Ahmad and Papalexakis, Evangelos E and Faloutsos, Michalis},
  booktitle={23rd International Symposium on Research in Attacks, Intrusions and Defenses (RAID 2020)},
  pages={149--163},
  year={2020}
}

@article{chen2021evaluating,
  title={Evaluating large language models trained on code},
  author={Chen, Mark and Tworek, Jerry and Jun, Heewoo and Yuan, Qiming and Pinto, Henrique Ponde De Oliveira and Kaplan, Jared and Edwards, Harri and Burda, Yuri and Joseph, Nicholas and Brockman, Greg and others},
  journal={arXiv preprint arXiv:2107.03374},
  year={2021}
}

@article{caldwell2011ethical,
  title={Ethical hackers: putting on the white hat},
  author={Caldwell, Tracey},
  journal={Network Security},
  volume={2011},
  number={7},
  pages={10--13},
  year={2011},
  publisher={Elsevier}
}

@article{bengio2024managing,
  title={Managing extreme AI risks amid rapid progress},
  author={Bengio, Yoshua and Hinton, Geoffrey and Yao, Andrew and Song, Dawn and Abbeel, Pieter and Darrell, Trevor and Harari, Yuval Noah and Zhang, Ya-Qin and Xue, Lan and Shalev-Shwartz, Shai and others},
  journal={Science},
  volume={384},
  number={6698},
  pages={842--845},
  year={2024},
  publisher={American Association for the Advancement of Science}
}

@misc{facebook_2024,
  author = {Meta},
  title = {Open Source AI is the Path Forward},
  howpublished = {\url{https://about.fb.com/news/2024/07/open-source-ai-is-the-path-forward/}},
  year = {2024},
  month = {July},
  note = {News article}
}

@article{meyerson2023lmx,
  title={Language model crossover: Variation through few-shot prompting},
  author={Meyerson, Elliot and Nelson, Mark J and Bradley, Herbie and Gaier, Adam and Moradi, Arash and Hoover, Amy K and Lehman, Joel},
  journal={arXiv preprint arXiv:2302.12170},
  year={2023}
}

@book{rocktaschel_2024,
  author = {Tim RocktÃ¤schel},
  title = {Artificial Intelligence: 10 Things You Should Know},
  year = {2024},
  publisher = {Seven Dials},
  month = {September},
  isbn = {978-1399626521}
}

@inproceedings{maeureka,
  title={Eureka: Human-Level Reward Design via Coding Large Language Models},
  author={Ma, Yecheng Jason and Liang, William and Wang, Guanzhi and Huang, De-An and Bastani, Osbert and Jayaraman, Dinesh and Zhu, Yuke and Fan, Linxi and Anandkumar, Anima},
  booktitle={The Twelfth International Conference on Learning Representations},
  year={2023}
}

@inproceedings{yu2023language,
  title={Language to Rewards for Robotic Skill Synthesis},
  author={Yu, Wenhao and Gileadi, Nimrod and Fu, Chuyuan and Kirmani, Sean and Lee, Kuang-Huei and Arenas, Montserrat Gonzalez and Chiang, Hao-Tien Lewis and Erez, Tom and Hasenclever, Leonard and Humplik, Jan and others},
  booktitle={Conference on Robot Learning},
  pages={374--404},
  year={2023},
  organization={PMLR}
}

@inproceedings{shen2023deepmad,
  title={Deepmad: Mathematical architecture design for deep convolutional neural network},
  author={Shen, Xuan and Wang, Yaohua and Lin, Ming and Huang, Yilun and Tang, Hao and Sun, Xiuyu and Wang, Yanzhi},
  booktitle={Proceedings of the IEEE/CVF Conference on Computer Vision and Pattern Recognition},
  pages={6163--6173},
  year={2023}
}

@article{bai2022constitutional,
  title={Constitutional ai: Harmlessness from ai feedback},
  author={Bai, Yuntao and Kadavath, Saurav and Kundu, Sandipan and Askell, Amanda and Kernion, Jackson and Jones, Andy and Chen, Anna and Goldie, Anna and Mirhoseini, Azalia and McKinnon, Cameron and others},
  journal={arXiv preprint arXiv:2212.08073},
  year={2022}
}

@inproceedings{wang2020enhanced,
  title={Enhanced poet: Open-ended reinforcement learning through unbounded invention of learning challenges and their solutions},
  author={Wang, Rui and Lehman, Joel and Rawal, Aditya and Zhi, Jiale and Li, Yulun and Clune, Jeffrey and Stanley, Kenneth},
  booktitle={International conference on machine learning},
  pages={9940--9951},
  year={2020},
  organization={PMLR}
}

@article{lehman2011abandoning,
  title={Abandoning objectives: Evolution through the search for novelty alone},
  author={Lehman, Joel and Stanley, Kenneth O},
  journal={Evolutionary computation},
  volume={19},
  number={2},
  pages={189--223},
  year={2011},
  publisher={MIT Press}
}

@article{wang2016learning,
  title={Learning to reinforcement learn},
  author={Wang, Jane X and Kurth-Nelson, Zeb and Tirumala, Dhruva and Soyer, Hubert and Leibo, Joel Z and Munos, Remi and Blundell, Charles and Kumaran, Dharshan and Botvinick, Matt},
  journal={arXiv preprint arXiv:1611.05763},
  year={2016}
}

@article{yee2010native,
  title={Native client: A sandbox for portable, untrusted x86 native code},
  author={Yee, Bennet and Sehr, David and Dardyk, Gregory and Chen, J Bradley and Muth, Robert and Ormandy, Tavis and Okasaka, Shiki and Narula, Neha and Fullagar, Nicholas},
  journal={Communications of the ACM},
  volume={53},
  number={1},
  pages={91--99},
  year={2010},
  publisher={ACM New York, NY, USA}
}

@article{mouret2015illuminating,
  title={Illuminating search spaces by mapping elites},
  author={Mouret, Jean-Baptiste and Clune, Jeff},
  journal={arXiv preprint arXiv:1504.04909},
  year={2015}
}

@article{cully2017quality,
  title={Quality and diversity optimization: A unifying modular framework},
  author={Cully, Antoine and Demiris, Yiannis},
  journal={IEEE Transactions on Evolutionary Computation},
  volume={22},
  number={2},
  pages={245--259},
  year={2017},
  publisher={IEEE}
}

@book{stanley2015greatness,
  title={Why greatness cannot be planned: The myth of the objective},
  author={Stanley, Kenneth O and Lehman, Joel},
  year={2015},
  publisher={Springer}
}

@article{stanley2019designing,
  title={Designing neural networks through neuroevolution},
  author={Stanley, Kenneth O and Clune, Jeff and Lehman, Joel and Miikkulainen, Risto},
  journal={Nature Machine Intelligence},
  volume={1},
  number={1},
  pages={24--35},
  year={2019},
  publisher={Nature Publishing Group UK London}
}

@article{deb2002fast,
  title={A fast and elitist multiobjective genetic algorithm: NSGA-II},
  author={Deb, Kalyanmoy and Pratap, Amrit and Agarwal, Sameer and Meyarivan, TAMT},
  journal={IEEE transactions on evolutionary computation},
  volume={6},
  number={2},
  pages={182--197},
  year={2002},
  publisher={IEEE}
}

@article{nakano2021webgpt,
  title={Webgpt: Browser-assisted question-answering with human feedback},
  author={Nakano, Reiichiro and Hilton, Jacob and Balaji, Suchir and Wu, Jeff and Ouyang, Long and Kim, Christina and Hesse, Christopher and Jain, Shantanu and Kosaraju, Vineet and Saunders, William and others},
  journal={arXiv preprint arXiv:2112.09332},
  year={2021}
}

@article{zhou2024self,
  title={Self-discover: Large language models self-compose reasoning structures},
  author={Zhou, Pei and Pujara, Jay and Ren, Xiang and Chen, Xinyun and Cheng, Heng-Tze and Le, Quoc V and Chi, Ed H and Zhou, Denny and Mishra, Swaroop and Zheng, Huaixiu Steven},
  journal={arXiv preprint arXiv:2402.03620},
  year={2024}
}

@misc{simple_evals,
  author       = {OpenAI},
  title        = {Simple Evals},
  year         = {2023},
  url          = {https://github.com/openai/simple-evals},
  note         = {Accessed: 2024-08-10}
}

@article{lu2024aiscientist,
  title={The {AI} {S}cientist: Towards Fully Automated Open-Ended Scientific Discovery},
  author={Lu, Chris and Lu, Cong and Lange, Robert Tjarko and Foerster, Jakob and Clune, Jeff and Ha, David},
  journal={arXiv preprint arXiv:2408.06292},
  year={2024}
}