@article{painter2000perceptual,
  title={Perceptual coding of digital audio},
  author={Painter, Ted and Spanias, Andreas},
  journal={Proceedings of the IEEE},
  volume={88},
  number={4},
  pages={451--515},
  year={2000},
  publisher={IEEE}
}
@article{gersho1994advances,
  title={Advances in speech and audio compression},
  author={Gersho, Allen},
  journal={Proceedings of the IEEE},
  volume={82},
  number={6},
  pages={900--918},
  year={1994},
  publisher={IEEE}
}
@article{liu2008compression,
  title={Compression artifacts in perceptual audio coding},
  author={Liu, Chi-Min and Hsu, Han-Wen and Lee, Wen-Chieh},
  journal={IEEE transactions on audio, speech, and language processing},
  volume={16},
  number={4},
  pages={681--695},
  year={2008},
  publisher={IEEE}
}
@inproceedings{brandenburg1999mp3,
  title={MP3 and AAC explained},
  author={Brandenburg, Karlheinz},
  booktitle={Audio Engineering Society Conference: 17th International Conference: High-Quality Audio Coding},
  year={1999},
  organization={Audio Engineering Society}
}
@book{you2010audio,
  title={Audio coding: theory and applications},
  author={You, Yuli},
  year={2010},
  publisher={Springer Science \& Business Media}
}
@article{ji2020comprehensive,
  title={A comprehensive survey on deep music generation: Multi-level representations, algorithms, evaluations, and future directions},
  author={Ji, Shulei and Luo, Jing and Yang, Xinyu},
  journal={arXiv preprint arXiv:2011.06801},
  year={2020}
}
@article{deng2020exploiting,
  title={Exploiting time-frequency patterns with LSTM-RNNs for low-bitrate audio restoration},
  author={Deng, Jun and Schuller, Bj{\"o}rn and Eyben, Florian and Schuller, Dagmar and Zhang, Zixing and Francois, Holly and Oh, Eunmi},
  journal={Neural Computing and Applications},
  volume={32},
  number={4},
  pages={1095--1107},
  year={2020},
  publisher={Springer}
}
@inproceedings{dietz2002spectral,
  title={Spectral Band Replication, a novel approach in audio coding},
  author={Dietz, Martin and Liljeryd, Lars and Kjorling, Kristofer and Kunz, Oliver},
  booktitle={Audio Engineering Society Convention 112},
  year={2002},
  organization={Audio Engineering Society}
}
@book{backstrom2017speech,
  title={Speech coding: with code-excited linear prediction},
  author={B{\"a}ckstr{\"o}m, Tom},
  year={2017},
  publisher={Springer}
}
@book{larsen2005audio,
  title={Audio bandwidth extension: application of psychoacoustics, signal processing and loudspeaker design},
  author={Larsen, Erik and Aarts, Ronald M},
  year={2005},
  publisher={John Wiley \& Sons}
}
@article{kuleshov2017audio,
  title={Audio super resolution using neural networks},
  author={Kuleshov, Volodymyr and Enam, S Zayd and Ermon, Stefano},
  journal={arXiv preprint arXiv:1708.00853},
  year={2017}
}
@inproceedings{li2015deep,
  title={A deep neural network approach to speech bandwidth expansion},
  author={Li, Kehuang and Lee, Chin-Hui},
  booktitle={2015 IEEE International Conference on Acoustics, Speech and Signal Processing (ICASSP)},
  pages={4395--4399},
  year={2015},
  organization={IEEE}
}
@article{liu2021voicefixer,
  title={VoiceFixer: Toward general speech restoration with neural vocoder},
  author={Liu, Haohe and Kong, Qiuqiang and Tian, Qiao and Zhao, Yan and Wang, DeLiang and Huang, Chuanzeng and Wang, Yuxuan},
  journal={arXiv preprint arXiv:2109.13731},
  year={2021}
}
@article{kim2023hd,
  title={Hd-demucs: General speech restoration with heterogeneous decoders},
  author={Kim, Doyeon and Chung, Soo-Whan and Han, Hyewon and Ji, Youna and Kang, Hong-Goo},
  journal={arXiv preprint arXiv:2306.01411},
  year={2023}
}
@article{lattner2021stochastic,
  title={Stochastic restoration of heavily compressed musical audio using generative adversarial networks},
  author={Lattner, Stefan and Nistal, Javier},
  journal={Electronics},
  volume={10},
  number={11},
  pages={1349},
  year={2021},
  publisher={MDPI}
}
@article{van2016wavenet,
  title={Wavenet: A generative model for raw audio},
  author={Van Den Oord, Aaron and Dieleman, Sander and Zen, Heiga and Simonyan, Karen and Vinyals, Oriol and Graves, Alex and Kalchbrenner, Nal and Senior, Andrew and Kavukcuoglu, Koray and others},
  journal={arXiv preprint arXiv:1609.03499},
  volume={12},
  year={2016}
}
@article{goodfellow2020generative,
  title={Generative adversarial networks},
  author={Goodfellow, Ian and Pouget-Abadie, Jean and Mirza, Mehdi and Xu, Bing and Warde-Farley, David and Ozair, Sherjil and Courville, Aaron and Bengio, Yoshua},
  journal={Communications of the ACM},
  volume={63},
  number={11},
  pages={139--144},
  year={2020},
  publisher={ACM New York, NY, USA}
}
@article{pascual2017segan,
  title={SEGAN: Speech enhancement generative adversarial network},
  author={Pascual, Santiago and Bonafonte, Antonio and Serra, Joan},
  journal={arXiv preprint arXiv:1703.09452},
  year={2017}
}
@article{su2024roformer,
  title={Roformer: Enhanced transformer with rotary position embedding},
  author={Su, Jianlin and Ahmed, Murtadha and Lu, Yu and Pan, Shengfeng and Bo, Wen and Liu, Yunfeng},
  journal={Neurocomputing},
  volume={568},
  pages={127063},
  year={2024},
  publisher={Elsevier}
}
@article{luo2024gull,
  title={Gull: A Generative Multifunctional Audio Codec},
  author={Luo, Yi and Yu, Jianwei and Chen, Hangting and Gu, Rongzhi and Weng, Chao},
  journal={arXiv preprint arXiv:2404.04947},
  year={2024}
}
@article{zhang2019root,
  title={Root mean square layer normalization},
  author={Zhang, Biao and Sennrich, Rico},
  journal={Advances in Neural Information Processing Systems},
  volume={32},
  year={2019}
}
@inproceedings{mao2017least,
  title={Least squares generative adversarial networks},
  author={Mao, Xudong and Li, Qing and Xie, Haoran and Lau, Raymond YK and Wang, Zhen and Paul Smolley, Stephen},
  booktitle={Proceedings of the IEEE international conference on computer vision},
  pages={2794--2802},
  year={2017}
}
@article{rafii2019musdb18,
  title={MUSDB18-HQ-an uncompressed version of MUSDB18},
  author={Rafii, Zafar and Liutkus, Antoine and St{\"o}ter, Fabian-Robert and Mimilakis, Stylianos Ioannis and Bittner, Rachel},
  journal={doi. org/10.5281/zenodo},
  volume={3338373},
  year={2019}
}
@article{pereira2023moisesdb,
  title={Moisesdb: A dataset for source separation beyond 4-stems},
  author={Pereira, Igor and Ara{\'u}jo, Felipe and Korzeniowski, Filip and Vogl, Richard},
  journal={arXiv preprint arXiv:2307.15913},
  year={2023}
}
@article{uhlich2024sound,
  title={The Sound Demixing Challenge 2023-Cinematic Demixing Track.},
  author={Uhlich, Stefan and Fabbro, Giorgio and Hirano, Masato and Takahashi, Shusuke and Wichern, Gordon and others}
}
@inproceedings{li2024subnetwork,
  title={Subnetwork-To-Go: Elastic Neural Network with Dynamic Training and Customizable Inference},
  author={Li, Kai and Luo, Yi},
  booktitle={ICASSP 2024-2024 IEEE International Conference on Acoustics, Speech and Signal Processing (ICASSP)},
  pages={6775--6779},
  year={2024},
  organization={IEEE}
}
@article{loshchilov2017decoupled,
  title={Decoupled weight decay regularization},
  author={Loshchilov, I},
  journal={arXiv preprint arXiv:1711.05101},
  year={2017}
}
@article{vincent2006performance,
  title={Performance measurement in blind audio source separation},
  author={Vincent, Emmanuel and Gribonval, R{\'e}mi and F{\'e}votte, C{\'e}dric},
  journal={IEEE transactions on audio, speech, and language processing},
  volume={14},
  number={4},
  pages={1462--1469},
  year={2006},
  publisher={IEEE}
}
@inproceedings{le2019sdr,
  title={SDR--half-baked or well done?},
  author={Le Roux, Jonathan and Wisdom, Scott and Erdogan, Hakan and Hershey, John R},
  booktitle={ICASSP 2019-2019 IEEE International Conference on Acoustics, Speech and Signal Processing (ICASSP)},
  pages={626--630},
  year={2019},
  organization={IEEE}
}
@article{hines2015visqol,
  title={ViSQOL: an objective speech quality model},
  author={Hines, Andrew and Skoglund, Jan and Kokaram, Anil C and Harte, Naomi},
  journal={EURASIP Journal on Audio, Speech, and Music Processing},
  volume={2015},
  pages={1--18},
  year={2015},
  publisher={Springer}
}
@article{lemercier2024diffusion,
  title={Diffusion Models for Audio Restoration},
  author={Lemercier, Jean-Marie and Richter, Julius and Welker, Simon and Moliner, Eloi and V{\"a}lim{\"a}ki, Vesa and Gerkmann, Timo},
  journal={arXiv preprint arXiv:2402.09821},
  year={2024}
}
@inproceedings{moliner2023solving,
  title={Solving audio inverse problems with a diffusion model},
  author={Moliner, Eloi and Lehtinen, Jaakko and V{\"a}lim{\"a}ki, Vesa},
  booktitle={ICASSP 2023-2023 IEEE International Conference on Acoustics, Speech and Signal Processing (ICASSP)},
  pages={1--5},
  year={2023},
  organization={IEEE}
}
@inproceedings{wu2023audiodec,
  title={Audiodec: An open-source streaming high-fidelity neural audio codec},
  author={Wu, Yi-Chiao and Gebru, Israel D and Markovi{\'c}, Dejan and Richard, Alexander},
  booktitle={ICASSP 2023-2023 IEEE International Conference on Acoustics, Speech and Signal Processing (ICASSP)},
  pages={1--5},
  year={2023},
  organization={IEEE}
}
@inproceedings{kumar2024high,
  title={High-fidelity audio compression with improved rvqgan},
  author={Kumar, Rithesh and Seetharaman, Prem and Luebs, Alejandro and Kumar, Ishaan and Kumar, Kundan},
  booktitle={Advances in Neural Information Processing Systems},
  year={2024}
}
@article{bai2018empirical,
  title={An empirical evaluation of generic convolutional and recurrent networks for sequence modeling},
  author={Bai, Shaojie and Kolter, J Zico and Koltun, Vladlen},
  journal={arXiv preprint arXiv:1803.01271},
  year={2018}
}
@article{luo2023music,
  title={Music source separation with band-split RNN},
  author={Luo, Yi and Yu, Jianwei},
  journal={IEEE/ACM Transactions on Audio, Speech, and Language Processing},
  volume={31},
  pages={1893--1901},
  year={2023},
  publisher={IEEE}
}
@article{li2024audio,
  title={An audio-visual speech separation model inspired by cortico-thalamo-cortical circuits},
  author={Li, Kai and Xie, Fenghua and Chen, Hang and Yuan, Kexin and Hu, Xiaolin},
  journal={IEEE Transactions on Pattern Analysis and Machine Intelligence},
  year={2024},
  publisher={IEEE}
}
@article{li2022efficient,
  title={An efficient encoder-decoder architecture with top-down attention for speech separation},
  author={Li, Kai and Yang, Runxuan and Hu, Xiaolin},
  journal={arXiv preprint arXiv:2209.15200},
  year={2022}
}
