@article{cuomo2022scientific,
  title={Scientific Machine Learning through Physics-Informed Neural Networks: Where we are and What's next},
  author={Cuomo, Salvatore and Di Cola, Vincenzo Schiano and Giampaolo, Fabio and Rozza, Gianluigi and Raissi, Maizar and Piccialli, Francesco},
  journal={arXiv preprint arXiv:2201.05624},
  year={2022}
}
@article{falcon2019pytorch,
  title={Pytorch lightning},
  author={Falcon, William and others},
  journal={GitHub. Note: https://github. com/PyTorchLightning/pytorch-lightning},
  volume={3},
  pages={6},
  year={2019}
}

@inproceedings{hua2022efficient,
  title={Efficient Continuous Spatio-Temporal Simulation with Graph Spline Networks},
  author={Hua, Chuanbo and Berto, Federico and Poli, Michael and Massaroli, Stefano and Park, Jinkyoo},
  booktitle={ICML 2022 2nd AI for Science Workshop}
}

@article{brandstetter2022message,
  title={Message passing neural PDE solvers},
  author={Brandstetter, Johannes and Worrall, Daniel and Welling, Max},
  journal={arXiv preprint arXiv:2202.03376},
  year={2022}
}


@inproceedings{berto2022neural,
  title={Neural Solvers for Fast and Accurate Numerical Optimal Control},
  author={Berto, Federico and Massaroli, Stefano and Poli, Michael and Park, Jinkyoo},
  booktitle={International Conference on Learning Representations},
  year={2022}
}


@article{paszke2017automatic,
  title={Automatic differentiation in pytorch},
  author={Paszke, Adam and Gross, Sam and Chintala, Soumith and Chanan, Gregory and Yang, Edward and DeVito, Zachary and Lin, Zeming and Desmaison, Alban and Antiga, Luca and Lerer, Adam},
  year={2017}
}

@article{brunton2020machine,
  title={Machine learning for fluid mechanics},
  author={Brunton, Steven L and Noack, Bernd R and Koumoutsakos, Petros},
  journal={Annual Review of Fluid Mechanics},
  volume={52},
  pages={477--508},
  year={2020},
  publisher={Annual Reviews}
}

@article{geuzaine2009gmsh,
  title={Gmsh: A 3-D finite element mesh generator with built-in pre-and post-processing facilities},
  author={Geuzaine, Christophe and Remacle, Jean-Fran{\c{c}}ois},
  journal={International journal for numerical methods in engineering},
  volume={79},
  number={11},
  pages={1309--1331},
  year={2009},
  publisher={Wiley Online Library}
}

@book{stein2011fourier,
  title={Fourier analysis: an introduction},
  author={Stein, Elias M and Shakarchi, Rami},
  volume={1},
  year={2011},
  publisher={Princeton University Press}
}

@article{wolf2019huggingface,
  title={Huggingface's transformers: State-of-the-art natural language processing},
  author={Wolf, Thomas and Debut, Lysandre and Sanh, Victor and Chaumond, Julien and Delangue, Clement and Moi, Anthony and Cistac, Pierric and Rault, Tim and Louf, R{\'e}mi and Funtowicz, Morgan and others},
  journal={arXiv preprint arXiv:1910.03771},
  year={2019}
}

@misc{rw2019timm,
  author = {Ross Wightman},
  title = {PyTorch Image Models},
  year = {2019},
  publisher = {GitHub},
  journal = {GitHub repository},
  doi = {10.5281/zenodo.4414861},
  howpublished = {\url{https://github.com/rwightman/pytorch-image-models}}
}

@article{thuerey2020deep,
  title={Deep learning methods for Reynolds-averaged Navier--Stokes simulations of airfoil flows},
  author={Thuerey, Nils and Wei{\ss}enow, Konstantin and Prantl, Lukas and Hu, Xiangyu},
  journal={AIAA Journal},
  volume={58},
  number={1},
  pages={25--36},
  year={2020},
  publisher={American Institute of Aeronautics and Astronautics}
}

@inproceedings{ronneberger2015u,
  title={U-net: Convolutional networks for biomedical image segmentation},
  author={Ronneberger, Olaf and Fischer, Philipp and Brox, Thomas},
  booktitle={International Conference on Medical image computing and computer-assisted intervention},
  pages={234--241},
  year={2015},
  organization={Springer}
}

@article{thuerey2021physics,
  title={Physics-based Deep Learning},
  author={Thuerey, Nils and Holl, Philipp and Mueller, Maximilian and Schnell, Patrick and Trost, Felix and Um, Kiwon},
  journal={arXiv preprint arXiv:2109.05237},
  year={2021}
}

@article{poli2020torchdyn,
  title={Torchdyn: A neural differential equations library},
  author={Poli, Michael and Massaroli, Stefano and Yamashita, Atsushi and Asama, Hajime and Park, Jinkyoo},
  journal={arXiv preprint arXiv:2009.09346},
  year={2020}
}

@inproceedings{glorot2010understanding,
  title={Understanding the difficulty of training deep feedforward neural networks},
  author={Glorot, Xavier and Bengio, Yoshua},
  booktitle={Proceedings of the thirteenth international conference on artificial intelligence and statistics},
  pages={249--256},
  year={2010},
  organization={JMLR Workshop and Conference Proceedings}
}

@inproceedings{holl2020phiflow,
  title={phiflow: A differentiable pde solving framework for deep learning via physical simulations},
  author={Holl, Philipp and Koltun, Vladlen and Um, Kiwon and Thuerey, Nils},
  booktitle={NeurIPS Workshop},
  year={2020}
}

@article{chen2020neurodiffeq,
  title={Neurodiffeq: A python package for solving differential equations with neural networks},
  author={Chen, Feiyu and Sondak, David and Protopapas, Pavlos and Mattheakis, Marios and Liu, Shuheng and Agarwal, Devansh and Di Giovanni, Marco},
  journal={Journal of Open Source Software},
  volume={5},
  number={46},
  pages={1931},
  year={2020}
}

@article{kidger2022neural,
  title={On neural differential equations},
  author={Kidger, Patrick},
  journal={arXiv preprint arXiv:2202.02435},
  year={2022}
}

@article{wang2021physics,
  title={Physics-guided deep learning for dynamical systems: A survey},
  author={Wang, Rui and Yu, Rose},
  journal={arXiv preprint arXiv:2107.01272},
  year={2021}
}

@article{karniadakis2021physics,
  title={Physics-informed machine learning},
  author={Karniadakis, George Em and Kevrekidis, Ioannis G and Lu, Lu and Perdikaris, Paris and Wang, Sifan and Yang, Liu},
  journal={Nature Reviews Physics},
  volume={3},
  number={6},
  pages={422--440},
  year={2021},
  publisher={Nature Publishing Group}
}

@article{poli2020hypersolvers,
  title={Hypersolvers: Toward fast continuous-depth models},
  author={Poli, Michael and Massaroli, Stefano and Yamashita, Atsushi and Asama, Hajime and Park, Jinkyoo},
  journal={Advances in Neural Information Processing Systems},
  volume={33},
  pages={21105--21117},
  year={2020}
}

@article{raissi2019physics,
  title={Physics-informed neural networks: A deep learning framework for solving forward and inverse problems involving nonlinear partial differential equations},
  author={Raissi, Maziar and Perdikaris, Paris and Karniadakis, George E},
  journal={Journal of Computational physics},
  volume={378},
  pages={686--707},
  year={2019},
  publisher={Elsevier}
}

@inproceedings{stiller2020large,
  title={Large-scale neural solvers for partial differential equations},
  author={Stiller, Patrick and Bethke, Friedrich and B{\"o}hme, Maximilian and Pausch, Richard and Torge, Sunna and Debus, Alexander and Vorberger, Jan and Bussmann, Michael and Hoffmann, Nico},
  booktitle={Smoky Mountains Computational Sciences and Engineering Conference},
  pages={20--34},
  year={2020},
  organization={Springer}
}

@article{coleman2017dawnbench,
  title={Dawnbench: An end-to-end deep learning benchmark and competition},
  author={Coleman, Cody and Narayanan, Deepak and Kang, Daniel and Zhao, Tian and Zhang, Jian and Nardi, Luigi and Bailis, Peter and Olukotun, Kunle and R{\'e}, Chris and Zaharia, Matei},
  journal={Training},
  volume={100},
  number={101},
  pages={102},
  year={2017}
}

%%%% transfer learning between systems
@article{desai2021one,
  title={One-Shot Transfer Learning of Physics-Informed Neural Networks},
  author={Desai, Shaan and Mattheakis, Marios and Joy, Hayden and Protopapas, Pavlos and Roberts, Stephen},
  journal={arXiv preprint arXiv:2110.11286},
  year={2021}
}

@article{magill2018neural,
  title={Neural networks trained to solve differential equations learn general representations},
  author={Magill, Martin and Qureshi, Faisal and de Haan, Hendrick},
  journal={Advances in Neural Information Processing Systems},
  volume={31},
  year={2018}
}


@article{raghu2019transfusion,
  title={Transfusion: Understanding transfer learning for medical imaging},
  author={Raghu, Maithra and Zhang, Chiyuan and Kleinberg, Jon and Bengio, Samy},
  journal={Advances in neural information processing systems},
  volume={32},
  year={2019}
}

@article{razakh2021pnd,
  title={PND: Physics-informed neural-network software for molecular dynamics applications},
  author={Razakh, Taufeq Mohammed and Wang, Beibei and Jackson, Shane and Kalia, Rajiv K and Nakano, Aiichiro and Nomura, Ken-ichi and Vashishta, Priya},
  journal={SoftwareX},
  volume={15},
  pages={100789},
  year={2021},
  publisher={Elsevier}
}

%%%% transfer learning and transformers

@article{gong2021ast,
  title={Ast: Audio spectrogram transformer},
  author={Gong, Yuan and Chung, Yu-An and Glass, James},
  journal={arXiv preprint arXiv:2104.01778},
  year={2021}
}

@inproceedings{deng2009imagenet,
  title={Imagenet: A large-scale hierarchical image database},
  author={Deng, Jia and Dong, Wei and Socher, Richard and Li, Li-Jia and Li, Kai and Fei-Fei, Li},
  booktitle={2009 IEEE conference on computer vision and pattern recognition},
  pages={248--255},
  year={2009},
  organization={Ieee}
}

@article{dosovitskiy2020image,
  title={An image is worth 16x16 words: Transformers for image recognition at scale},
  author={Dosovitskiy, Alexey and Beyer, Lucas and Kolesnikov, Alexander and Weissenborn, Dirk and Zhai, Xiaohua and Unterthiner, Thomas and Dehghani, Mostafa and Minderer, Matthias and Heigold, Georg and Gelly, Sylvain and others},
  journal={arXiv preprint arXiv:2010.11929},
  year={2020}
}

@inproceedings{touvron2021training,
  title={Training data-efficient image transformers \& distillation through attention},
  author={Touvron, Hugo and Cord, Matthieu and Douze, Matthijs and Massa, Francisco and Sablayrolles, Alexandre and J{\'e}gou, Herv{\'e}},
  booktitle={International Conference on Machine Learning},
  pages={10347--10357},
  year={2021},
  organization={PMLR}
}

@article{gong2021ssast,
  title={SSAST: Self-Supervised Audio Spectrogram Transformer},
  author={Gong, Yuan and Lai, Cheng-I Jeff and Chung, Yu-An and Glass, James},
  journal={arXiv preprint arXiv:2110.09784},
  year={2021}
}

% CFD + DL

@inproceedings{obiols2020cfdnet,
  title={CFDNet: A deep learning-based accelerator for fluid simulations},
  author={Obiols-Sales, Octavi and Vishnu, Abhinav and Malaya, Nicholas and Chandramowliswharan, Aparna},
  booktitle={Proceedings of the 34th ACM international conference on supercomputing},
  pages={1--12},
  year={2020}
}

@article{um2020solver,
  title={Solver-in-the-loop: Learning from differentiable physics to interact with iterative pde-solvers},
  author={Um, Kiwon and Brand, Robert and Fei, Yun Raymond and Holl, Philipp and Thuerey, Nils},
  journal={Advances in Neural Information Processing Systems},
  volume={33},
  pages={6111--6122},
  year={2020}
}


@misc{prudnikov1988integrals,
  title={Integrals and series},
  author={Prudnikov, Anatoli Platonovich and Brychkov, Yu A and Marichev, Oleg Igorevich and Romer, Robert H},
  year={1988},
  publisher={American Association of Physics Teachers}
}

@article{li2020fourier,
  title={Fourier neural operator for parametric partial differential equations},
  author={Li, Zongyi and Kovachki, Nikola and Azizzadenesheli, Kamyar and Liu, Burigede and Bhattacharya, Kaushik and Stuart, Andrew and Anandkumar, Anima},
  journal={arXiv preprint arXiv:2010.08895},
  year={2020}
}

@article{guibas2021adaptive,
  title={Adaptive Fourier Neural Operators: Efficient Token Mixers for Transformers},
  author={Guibas, John and Mardani, Morteza and Li, Zongyi and Tao, Andrew and Anandkumar, Anima and Catanzaro, Bryan},
  journal={arXiv preprint arXiv:2111.13587},
  year={2021}
}

@article{dosovitskiy2020image,
  title={An image is worth 16x16 words: Transformers for image recognition at scale},
  author={Dosovitskiy, Alexey and Beyer, Lucas and Kolesnikov, Alexander and Weissenborn, Dirk and Zhai, Xiaohua and Unterthiner, Thomas and Dehghani, Mostafa and Minderer, Matthias and Heigold, Georg and Gelly, Sylvain and others},
  journal={arXiv preprint arXiv:2010.11929},
  year={2020}
}

@inproceedings{jasak2007openfoam,
  title={OpenFOAM: A C++ library for complex physics simulations},
  author={Jasak, Hrvoje and Jemcov, Aleksandar and Tukovic, Zeljko and others},
  booktitle={International workshop on coupled methods in numerical dynamics},
  volume={1000},
  pages={1--20},
  year={2007},
  organization={IUC Dubrovnik Croatia}
}

@article{mathieu2013fast,
  title={Fast training of convolutional networks through ffts},
  author={Mathieu, Michael and Henaff, Mikael and LeCun, Yann},
  journal={arXiv preprint arXiv:1312.5851},
  year={2013}
}

@article{tran2021factorized,
  title={Factorized Fourier Neural Operators},
  author={Tran, Alasdair and Mathews, Alexander and Xie, Lexing and Ong, Cheng Soon},
  journal={arXiv preprint arXiv:2111.13802},
  year={2021}
}

@article{francesca2016spectral,
  title={Spectral convolution networks},
  author={Francesca, Maria and Hughes, Arthur and Gregg, David},
  journal={arXiv preprint arXiv:1611.05378},
  year={2016}
}

@article{mathiasen2020if,
  title={What if Neural Networks had SVDs?},
  author={Mathiasen, Alexander and Hvilsh{\o}j, Frederik and R{\o}dsgaard J{\o}rgensen, Jakob and Nasery, Anshul and Mottin, Davide},
  journal={Advances in Neural Information Processing Systems},
  volume={33},
  pages={18411--18420},
  year={2020}
}

@article{wen2022u,
  title={U-FNO--An enhanced Fourier neural operator-based deep-learning model for multiphase flow},
  author={Wen, Gege and Li, Zongyi and Azizzadenesheli, Kamyar and Anandkumar, Anima and Benson, Sally M},
  journal={Advances in Water Resources},
  pages={104180},
  year={2022},
  publisher={Elsevier}
}

@article{eckert2019scalarflow,
  title={ScalarFlow: a large-scale volumetric data set of real-world scalar transport flows for computer animation and machine learning},
  author={Eckert, Marie-Lena and Um, Kiwon and Thuerey, Nils},
  journal={ACM Transactions on Graphics (TOG)},
  volume={38},
  number={6},
  pages={1--16},
  year={2019},
  publisher={ACM New York, NY, USA}
}

@article{gupta2021multiwavelet,
  title={Multiwavelet-based operator learning for differential equations},
  author={Gupta, Gaurav and Xiao, Xiongye and Bogdan, Paul},
  journal={Advances in Neural Information Processing Systems},
  volume={34},
  year={2021}
}

@book{feynman1965character,
  title={The Character of Physical Law, with new foreword},
  author={Feynman, Richard},
  year={1965},
  publisher={MIT press}
}

@misc{wandb,
title = {Experiment Tracking with Weights and Biases},
year = {2020},
note = {Software available from wandb.com},
url={https://www.wandb.com/},
author = {Biewald, Lukas},
}

@incollection{fukushima1982neocognitron,
  title={Neocognitron: A self-organizing neural network model for a mechanism of visual pattern recognition},
  author={Fukushima, Kunihiko and Miyake, Sei},
  booktitle={Competition and cooperation in neural nets},
  pages={267--285},
  year={1982},
  publisher={Springer}
}

@article{strang1999discrete,
  title={The discrete cosine transform},
  author={Strang, Gilbert},
  journal={SIAM review},
  volume={41},
  number={1},
  pages={135--147},
  year={1999},
  publisher={SIAM}
}

@article{poli2022self,
  title={Self-Similarity Priors: Neural Collages as Differentiable Fractal Representations},
  author={Poli, Michael and Xu, Winnie and Massaroli, Stefano and Meng, Chenlin and Kim, Kuno and Ermon, Stefano},
  journal={arXiv preprint arXiv:2204.07673},
  year={2022}
}

@article{jaegle2021perceiver,
  title={Perceiver io: A general architecture for structured inputs \& outputs},
  author={Jaegle, Andrew and Borgeaud, Sebastian and Alayrac, Jean-Baptiste and Doersch, Carl and Ionescu, Catalin and Ding, David and Koppula, Skanda and Zoran, Daniel and Brock, Andrew and Shelhamer, Evan and others},
  journal={arXiv preprint arXiv:2107.14795},
  year={2021}
}

@article{dupont2021coin,
  title={Coin: Compression with implicit neural representations},
  author={Dupont, Emilien and Goli{\'n}ski, Adam and Alizadeh, Milad and Teh, Yee Whye and Doucet, Arnaud},
  journal={arXiv preprint arXiv:2103.03123},
  year={2021}
}

@article{sitzmann2020implicit,
  title={Implicit neural representations with periodic activation functions},
  author={Sitzmann, Vincent and Martel, Julien and Bergman, Alexander and Lindell, David and Wetzstein, Gordon},
  journal={Advances in Neural Information Processing Systems},
  volume={33},
  pages={7462--7473},
  year={2020}
}

@inproceedings{guibas2021efficient,
  title={Efficient Token Mixing for Transformers via Adaptive Fourier Neural Operators},
  author={Guibas, John and Mardani, Morteza and Li, Zongyi and Tao, Andrew and Anandkumar, Anima and Catanzaro, Bryan},
  booktitle={International Conference on Learning Representations},
  year={2021}
}

@article{ahmed1974discrete,
  title={Discrete cosine transform},
  author={Ahmed, Nasir and Natarajan, T\_ and Rao, Kamisetty R},
  journal={IEEE transactions on Computers},
  volume={100},
  number={1},
  pages={90--93},
  year={1974},
  publisher={IEEE}
}

@book{oppenheim1999discrete,
  title={Discrete-time signal processing},
  author={Oppenheim, Alan V},
  year={1999},
  publisher={Pearson Education India}
}

@article{makhoul1980fast,
  title={A fast cosine transform in one and two dimensions},
  author={Makhoul, John},
  journal={IEEE Transactions on Acoustics, Speech, and Signal Processing},
  volume={28},
  number={1},
  pages={27--34},
  year={1980},
  publisher={IEEE}
}

@inproceedings{pratt2017fcnn,
  title={Fcnn: Fourier convolutional neural networks},
  author={Pratt, Harry and Williams, Bryan and Coenen, Frans and Zheng, Yalin},
  booktitle={Joint European Conference on Machine Learning and Knowledge Discovery in Databases},
  pages={786--798},
  year={2017},
  organization={Springer}
}

@article{chi2020fast,
  title={Fast fourier convolution},
  author={Chi, Lu and Jiang, Borui and Mu, Yadong},
  journal={Advances in Neural Information Processing Systems},
  volume={33},
  pages={4479--4488},
  year={2020}
}

@inproceedings{chen2016compressing,
  title={Compressing convolutional neural networks in the frequency domain},
  author={Chen, Wenlin and Wilson, James and Tyree, Stephen and Weinberger, Kilian Q and Chen, Yixin},
  booktitle={Proceedings of the 22nd ACM SIGKDD International Conference on Knowledge Discovery and Data Mining},
  pages={1475--1484},
  year={2016}
}

@book{trefethen2019approximation,
  title={Approximation Theory and Approximation Practice, Extended Edition},
  author={Trefethen, Lloyd N},
  year={2019},
  publisher={SIAM}
}


@article{lu2019deeponet,
  title={Deeponet: Learning nonlinear operators for identifying differential equations based on the universal approximation theorem of operators},
  author={Lu, Lu and Jin, Pengzhan and Karniadakis, George Em},
  journal={arXiv preprint arXiv:1910.03193},
  year={2019}
}

@inproceedings{wang2020towards,
  title={Towards physics-informed deep learning for turbulent flow prediction},
  author={Wang, Rui and Kashinath, Karthik and Mustafa, Mustafa and Albert, Adrian and Yu, Rose},
  booktitle={Proceedings of the 26th ACM SIGKDD International Conference on Knowledge Discovery \& Data Mining},
  pages={1457--1466},
  year={2020}
}

@inproceedings{mathiesen2022hyperverlet,
  title={Hyperverlet: A Symplectic Hypersolver for Hamiltonian Systems},
  author={Mathiesen, Frederik and Yang, Bin and Hu, Jilin},
  booktitle={AAAI},
  year={2022}
}

@article{kochkov2021machine,
  title={Machine learning--accelerated computational fluid dynamics},
  author={Kochkov, Dmitrii and Smith, Jamie A and Alieva, Ayya and Wang, Qing and Brenner, Michael P and Hoyer, Stephan},
  journal={Proceedings of the National Academy of Sciences},
  volume={118},
  number={21},
  year={2021},
  publisher={National Acad Sciences}
}


@InProceedings{pmlr-v80-long18a,
  title = 	 {{PDE}-Net: Learning {PDE}s from Data},
  author =       {Long, Zichao and Lu, Yiping and Ma, Xianzhong and Dong, Bin},
  booktitle = 	 {Proceedings of the 35th International Conference on Machine Learning},
  pages = 	 {3208--3216},
  year = 	 {2018},
  editor = 	 {Dy, Jennifer and Krause, Andreas},
  volume = 	 {80},
  series = 	 {Proceedings of Machine Learning Research},
  month = 	 {10--15 Jul},
  publisher =    {PMLR},
  pdf = 	 {http://proceedings.mlr.press/v80/long18a/long18a.pdf},
  url = 	 {https://proceedings.mlr.press/v80/long18a.html},
}

@article{soon1998noisy,
  title={Noisy speech enhancement using discrete cosine transform},
  author={Soon, Yann and Koh, Soo Ngee and Yeo, Chai Kiat},
  journal={Speech communication},
  volume={24},
  number={3},
  pages={249--257},
  year={1998},
  publisher={Elsevier}
}

@article{yaroslavsky2014fast,
  title={Fast transforms in image processing: compression, restoration, and resampling},
  author={Yaroslavsky, Leonid P},
  journal={Advances in Electrical Engineering},
  volume={2014},
  year={2014},
  publisher={Hindawi}
}

@article{dumont1988characteristics,
  title={Characteristics of power spectra for regular and chaotic systems},
  author={Dumont, Randall S and Brumer, Paul},
  journal={The Journal of chemical physics},
  volume={88},
  number={3},
  pages={1481--1496},
  year={1988},
  publisher={American Institute of Physics}
}

@article{hersbach2020era5,
  title={The ERA5 global reanalysis},
  author={Hersbach, Hans and Bell, Bill and Berrisford, Paul and Hirahara, Shoji and Hor{\'a}nyi, Andr{\'a}s and Mu{\~n}oz-Sabater, Joaqu{\'\i}n and Nicolas, Julien and Peubey, Carole and Radu, Raluca and Schepers, Dinand and others},
  journal={Quarterly Journal of the Royal Meteorological Society},
  volume={146},
  number={730},
  pages={1999--2049},
  year={2020},
  publisher={Wiley Online Library}
}

@article{pathak2022fourcastnet,
  title={Fourcastnet: A global data-driven high-resolution weather model using adaptive fourier neural operators},
  author={Pathak, Jaideep and Subramanian, Shashank and Harrington, Peter and Raja, Sanjeev and Chattopadhyay, Ashesh and Mardani, Morteza and Kurth, Thorsten and Hall, David and Li, Zongyi and Azizzadenesheli, Kamyar and others},
  journal={arXiv preprint arXiv:2202.11214},
  year={2022}
}
@article{lienen2022learning,
  title={Learning the Dynamics of Physical Systems from Sparse Observations with Finite Element Networks},
  author={Lienen, Marten and G{\"u}nnemann, Stephan},
  journal={arXiv preprint arXiv:2203.08852},
  year={2022}
}

@article{kovachki2021universal,
  title={On universal approximation and error bounds for Fourier Neural Operators},
  author={Kovachki, Nikola and Lanthaler, Samuel and Mishra, Siddhartha},
  journal={Journal of Machine Learning Research},
  volume={22},
  pages={Art--No},
  year={2021},
  publisher={JMLR Press}
}

@article{rippel2015spectral,
  title={Spectral representations for convolutional neural networks},
  author={Rippel, Oren and Snoek, Jasper and Adams, Ryan P},
  journal={Advances in neural information processing systems},
  volume={28},
  year={2015}
}

@article{harris2020array,
  title={Array programming with NumPy},
  author={Harris, Charles R and Millman, K Jarrod and Van Der Walt, St{\'e}fan J and Gommers, Ralf and Virtanen, Pauli and Cournapeau, David and Wieser, Eric and Taylor, Julian and Berg, Sebastian and Smith, Nathaniel J and others},
  journal={Nature},
  volume={585},
  number={7825},
  pages={357--362},
  year={2020},
  publisher={Nature Publishing Group}
}

@article{pfaff2020learning,
  title={Learning mesh-based simulation with graph networks},
  author={Pfaff, Tobias and Fortunato, Meire and Sanchez-Gonzalez, Alvaro and Battaglia, Peter W},
  journal={arXiv preprint arXiv:2010.03409},
  year={2020}
}

@article{verlet1967computer,
  title={Computer" experiments" on classical fluids. I. Thermodynamical properties of Lennard-Jones molecules},
  author={Verlet, Loup},
  journal={Physical review},
  volume={159},
  number={1},
  pages={98},
  year={1967},
  publisher={APS}
}

@article{loshchilov2016sgdr,
  title={Sgdr: Stochastic gradient descent with warm restarts},
  author={Loshchilov, Ilya and Hutter, Frank},
  journal={arXiv preprint arXiv:1608.03983},
  year={2016}
}

@article{loshchilov2017decoupled,
  title={Decoupled weight decay regularization},
  author={Loshchilov, Ilya and Hutter, Frank},
  journal={arXiv preprint arXiv:1711.05101},
  year={2017}
}

@inproceedings{he2015delving,
  title={Delving deep into rectifiers: Surpassing human-level performance on imagenet classification},
  author={He, Kaiming and Zhang, Xiangyu and Ren, Shaoqing and Sun, Jian},
  booktitle={Proceedings of the IEEE international conference on computer vision},
  pages={1026--1034},
  year={2015}
}

@article{hendrycks2016gaussian,
  title={Gaussian error linear units (gelus)},
  author={Hendrycks, Dan and Gimpel, Kevin},
  journal={arXiv preprint arXiv:1606.08415},
  year={2016}
}

@book{strogatz2018nonlinear,
  title={Nonlinear dynamics and chaos: with applications to physics, biology, chemistry, and engineering},
  author={Strogatz, Steven H},
  year={2018},
  publisher={CRC press}
}
