% conference proceedings
@string{ndss = "Proc. of {NDSS}"}
@string{usenixsecurity = "Proc. of {USENIX} Security"}
@string{usenix = "Proc. of {USENIX} Security"}
@string{ccs = "Proc. of {CCS}"}
@string{oakland = "Proc. of {IEEE S\&P}"}
@string{cvpr = "Proc. of {CVPR}"}
@string{jmlr = "Journal of Machine Learning Research"}
@string{nips = "Proc. of {NeurIPS}"}
@string{icml = "Proc. of {ICML}"}
@string{iccv = "Proc. of {ICCV}"}
@string{aaai = "Proc. of {AAAI}"}
@string{iclr = "Proc. of {ICLR}"}
@string{aisec = "Proc. of {AISec}"}
@string{www = "Proc. of {WWW}"}
@string{sigcomm = "Proc. of {SIGCOMM}"}
@string{sosp = "Proc. of {SOSP}"}
@string{acsac = "Proc. of {ACSAC}"}
@string{nsdi = "Proc. of {NSDI}"}


@inproceedings{genaiimpact,
  author    = {Jiang, Harry H. and Brown, Lauren and Cheng, Jessica and Khan, Mehtab and Gupta, Abhishek and Workman, Deja and Hanna, Alex and Flowers, Johnathan and Gebru, Timnit},
  title     = {{AI} Art and its Impact on Artists},
  booktitle = {Proc. of {AIES}},
  year      = {2023}
}

@article{genaiimpact2,
  author  = {Blair Attard-Frost},
  title   = {Generative AI Systems: Impacts on Artists \& Creators and Related Gaps in the Artificial Intelligence and Data Act},
  journal = {SSRN 4468637},
  year    = {2023}
}

@inproceedings{savage2000practical,
  author    = {Savage, Stefan and Wetherall, David and Karlin, Anna and
               Anderson, Tom},
  booktitle = sigcomm,
  pages     = {295--306},
  title     = {Practical network support for IP traceback},
  year      = {2000}
}

@misc{hollie-steal,
  author = {Andy Baio},
  title  = {{Invasive Diffusion: How one unwilling illustrator found
            herself turned into an AI model}},
  year   = 2022
}

@misc{tr-glaze,
  author       = {Melissa Heikkila},
  title        = {{These new tools could help protect our pictures from AI}},
  howpublished = {MIT Technology Review},
  year         = 2023
}

@misc{sarah-andersen,
  author       = {Sarah Andersen},
  title        = {The Alt-Right Manipulated My Comic. Then {A.I.} Claimed
                  It},
  howpublished = {New York Times},
  year         = 2022
}

@misc{shan2023glazewebsite,
  key  = {Glaze Website},
  note = {\url{https://glaze.cs.uchicago.edu/aboutus.html}},
  year = {2023}
}


@misc{shan2023webglaze,
  key  = {Webglaze},
  note = {\url{https://glaze.cs.uchicago.edu/webglaze.html}},
  year = {2022}
}


@misc{lensa-steal,
  author       = {Brendan P. Murphy},
  title        = {{Is Lensa AI Stealing From Human Art? An Expert Explains
                  The Controversy}},
  howpublished = {ScienceAlert},
  year         = 2022
}



@misc{sam-steal,
  author       = {Sam Yang},
  title        = {{Why Artists are Fed Up with AI Art.}},
  month        = {Dec.},
  howpublished = {Fayden Art},
  year         = 2022
}



@misc{aigame,
  author = {{Scenario.gg}},
  title  = {{AI-generated game assets}},
  year   = 2022
}

@misc{civitai,
  author = {{Civitai}},
  title  = {\url{https://civitai.com}},
  year   = 2022
}


@misc{lexica,
  author = {{Lexica}},
  title  = {\url{https://lexica.art/}},
  year   = 2022
}

@misc{manyvideos,
  author       = {Joel Abrams},
  howpublished = {theconversation.com},
  title        = {3.2 billion images and 720,000 hours of video are shared online daily. Can you sort real from fake?
                  },
  month        = {Nov},
  year         = {2020}
}

@misc{manyvideos2,
  author       = {Adam Hayes},
  howpublished = {wyzowl.com},
  title        = {YouTube Stats: Everything You Need to Know In 2024!
                  },
  month        = {Feb},
  year         = {2024}
}


@misc{videomotivate,
  author = {Enes Sadi Uysal},
  title  = {Fine-Tuning Stable Diffusion with DreamBooth Method},
  month  = {Jan},
  year   = {2024}
}

@article{ruiz2022dreambooth,
  title   = {DreamBooth: Fine Tuning Text-to-image Diffusion Models for
             Subject-Driven Generation},
  author  = {Ruiz, Nataniel and others},
  journal = {arxiv:2208.12242},
  year    = {2022}
}

@inproceedings{shan2023glaze,
  author    = {Shan, Shawn and Cryan, Jenna and Wenger, Emily and Zheng, Haitao and Hanocka, Rana and Zhao, Ben Y.},
  booktitle = usenix,
  title     = {Glaze: Protecting artists from style mimicry by text-to-image models},
  year      = {2023}
}

@inproceedings{mist,
  title     = {Adversarial example does good: Preventing painting imitation from diffusion models via adversarial examples},
  author    = {Liang, Chumeng and others},
  booktitle = icml,
  year      = {2023}
}
%  author={Liang, Chumeng and Wu, Xiaoyu and Hua, Yang and Zhang, Jiaru and Xue, Yiming and Song, Tao and Xue, Zhengui and Ma, Ruhui and Guan, Haibing},

@inproceedings{antidb,
  title     = {{Anti-DreamBooth}: Protecting users from personalized text-to-image synthesis},
  author    = {Van Le, Thanh and Phung, Hao and Nguyen, Thuan Hoang and Dao, Quan and Tran, Ngoc N and Tran, Anh},
  booktitle = iccv,
  year      = {2023}
}

@misc{finetune-c,
  author = {{EdXD}},
  note   = {\url{https://bytexd.com/how-to-use-dreambooth-to-fine-tune-stable-diffusion-colab/}},
  title  = {{How to Use DreamBooth to Fine-Tune Stable Diffusion (Colab)}},
  year   = 2022
}


@article{gal2022image,
  author  = {Gal, Rinon and others},
  journal = {arXiv preprint arXiv:2208.01618},
  title   = {An image is worth one word: Personalizing text-to-image generation using textual inversion},
  year    = {2022}
}


@misc{aiprotest,
  author       = {Benj Edwards},
  title        = {Artists stage mass protest against {AI}-generated artwork
                  on ArtStation},
  howpublished = {Ars Technica},
  month        = {December},
  year         = {2022}
}

@misc{ytvideosettings,
  author = {YouTube},
  title  = {YouTube recommended upload encoding settings},
  note   = {\url{https://support.google.com/youtube/answer/1722171}},
  year   = {2023}
}

@article{shan2023response,
  title   = {A Response to Glaze Purification via IMPRESS},
  author  = {Shan, Shawn and Wu, Stanley and Zheng, Haitao and Zhao, Ben Y},
  journal = {arXiv preprint arXiv:2312.07731},
  year    = {2023}
}

@inproceedings{shan2023prompt,
  title     = {Prompt-specific poisoning attacks on text-to-image generative models},
  author    = {Shan, Shawn and Ding, Wenxin and Passananti, Josephine and Wu,S Stanley and Zheng, Haitao and Zhao, Ben Y},
  booktitle = {arXiv preprint arXiv:2310.13828},
  year      = {2023}
}

@misc{cao2023impress,
  title        = {IMPRESS: Evaluating the Resilience of Imperceptible Perturbations Against Unauthorized Data Usage in Diffusion-Based Generative AI},
  author       = {Bochuan Cao and others},
  year         = {2023},
  primaryclass = {cs.CV}
}

@article{Idrees_2017,
  title   = {The THUMOS challenge on action recognition for videos ``in the wild''},
  journal = {Proc. of {CVIU}},
  author  = {Idrees, Haroon and others},
  year    = {2017}
}

@misc{civitai-video,
  title  = {Anime LoRA Dataset Automaker using original screencaps, face detection and similarity models},
  author = {Maximax67},
  note   = {\url{https://civitai.com/articles/1746/anime-lora-dataset-automaker-using-original-screencaps-face-detection-and-similarity-models}},
  year   = {2023}
}

@misc{anime2sd,
  title  = {Anime2SD},
  author = {cyber-meow},
  note   = {\url{https://github.com/cyber-meow/anime_screenshot_pipeline  }},
  year   = {2023}
}

@inproceedings{reda2022film,
  title     = {Film: Frame interpolation for large motion},
  author    = {Reda, Fitsum and others},
  booktitle = eccv,
  year      = {2022}
}

@article{schuhmann2022laion,
  title   = {Laion-5b: An open large-scale dataset for training next generation image-text models},
  author  = {Schuhmann, Christoph and others},
  journal = nips,
  year    = {2022}
}

@misc{fairuse,
  author = {U.S. Copyright Office},
  title  = {U.S. Copyright Office Fair Use Index},
  note   = {\url{https://www.copyright.gov/fair-use/}},
  year   = {2023}
}

@misc{videogameanimation,
  author = {Toronto Film School},
  title  = {What is Video Game Animation and How Does it Work?},
  note   = {\url{https://www.torontofilmschool.ca/blog/what-is-video-game-animation-and-how-does-it-work/}},
  year   = {2024}
}

@misc{animeanimation,
  author = {Crunchyroll},
  title  = {FEATURE: How Anime Gets Animated},
  note   = {\url{https://www.crunchyroll.com/news/deep-dives/2023/3/22/feature-how-anime-gets-animated}},
  year   = {2023}
}

@misc{amoviesanimation,
  author = {University of Silicon Valley},
  title  = {How is an Animated Film Produced?},
  note   = {\url{https://usv.edu/blog/how-is-an-animated-film-produced/}},
  year   = {2022}
}

@inproceedings{li2022blip,
  title     = {Blip: Bootstrapping language-image pre-training for unified vision-language understanding and generation},
  author    = {Li, Junnan and Li, Dongxu and Xiong, Caiming and Hoi, Steven},
  booktitle = icml,
  year      = {2022}
}

@misc{sd-release,
  author = {{Stability AI}},
  note   = {\url{https://stability.ai/blog/stable-diffusion-public-release}},
  title  = {{Stable Diffusion Public Release. }},
  year   = 2022
}


@article{podell2023sdxl,
  author  = {Podell, Dustin and others},
  journal = {arXiv:2307.01952},
  title   = {{SDXL}: Improving Latent Diffusion Models for High-Resolution Image Synthesis},
  year    = {2023}
}


@misc{df,
  author = {{Stability AI}},
  note   = {\url{https://stability.ai/blog/deepfloyd-if-text-to-image-model}},
  title  = {{Stability AI releases DeepFloyd IF, a powerful text-to-image model that can smartly integrate text into images}},
  year   = 2023
}

@misc{novelai-update,
  author = {{NovelAI}},
  note   = {\url{https://novelai.net/updates}},
  title  = {{NovelAI changelog}},
  year   = 2022
}

@article{ramesh2022hierarchical,
  author  = {Ramesh, Aditya and others},
  journal = {arXiv:2204.06125},
  title   = {Hierarchical text-conditional image generation with clip latents},
  year    = {2022}
}


@misc{lowres,
  author = {Jeff Hayward},
  note   = {\url{https://medium.com/counterarts/artists-photographers-your-low-res-images-arent-safe-from-ai-3f57bd4d7f63}},
  title  = {{Artists/Photographers: Your Low-Res Images Aren’t Safe From AI}},
  year   = 2022
}


@article{turner2018clean,
  author = {Turner, Alexander and Tsipras, Dimitris and Madry, Aleksander},
  title  = {Clean-label backdoor attacks},
  year   = {2018}
}

@inproceedings{zhu2019transferable,
  author    = {Zhu, Chen and Huang, W Ronny and Li, Hengduo and Taylor, Gavin and Studer, Christoph and Goldstein, Tom},
  booktitle = icml,
  title     = {Transferable clean-label poisoning attacks on deep neural nets},
  year      = {2019}
}

@inproceedings{saha2020hidden,
  author    = {Saha, Aniruddha and Subramanya, Akshayvarun and Pirsiavash, Hamed},
  booktitle = aaai,
  title     = {Hidden trigger backdoor attacks},
  year      = {2020}
}

@article{hill2023tool,
  title   = {This Tool Could Protect Artists From AI-Generated Art That Steals Their Style.},
  author  = {Hill, Kashmir},
  journal = {International New York Times},
  year    = {2023}
}


@misc{pyscenedetect,
  author = {{Brandon Castellano}},
  note   = {\url{https://www.scenedetect.com/}},
  title  = {{PySceneDetect}},
  year   = 2024
}


@misc{mistgithub,
  author = {{pysker-team}},
  note   = {\url{https://github.com/psyker-team/mist-v2}},
  title  = {{mist-v2}},
  year   = 2024
}


@misc{fancaps,
  author = {{Banning Media LLC}},
  note   = {\url{https://fancaps.net/}},
  title  = {{FanCaps.net Movie, TV, Anime Images, Screencaps, Screenshots, Wallpapers}},
  year   = 2024
}


@misc{genshintrailer,
  author = {{Andrew Reiner}},
  note   = {\url{https://www.gameinformer.com/2022/07/29/genshin-impact-reveals-new-characters-and-region-in-teaser-trailer}},
  title  = {{Genshin Impact Reveals New Characters And Region In Teaser Trailer}},
  year   = 2022
}


@misc{leaguetrailer,
  author = {{Gavin Sheehan}},
  note   = {\url{https://bleedingcool.com/games/league-of-legends-reveals-all-new-artistic-hero-named-hwei/}},
  title  = {{League Of Legends Reveals All-New Artistic Hero Named Hwei}},
  year   = 2023
}


@misc{movietrailers,
  author = {{Chad Kennerk}},
  note   = {\url{https://www.boxofficepro.com/new-trailers-deadpool-wolverine-blink-twice-i-saw-the-tv-glow-and-more/}},
  title  = {{New Trailers: DEADPOOL \& WOLVERINE, BLINK TWICE, I SAW THE TV GLOW, and More}},
  year   = 2024
}

@inproceedings{gatys2016image,
  title     = {Image style transfer using convolutional neural networks},
  author    = {Gatys, Leon A and Ecker, Alexander S and Bethge, Matthias},
  booktitle = cvpr,
  pages     = {2414--2423},
  year      = {2016}
}

@inproceedings{niklaus2020softmax,
  title     = {Softmax splatting for video frame interpolation},
  author    = {Niklaus, Simon and Liu, Feng},
  booktitle = cvpr,
  pages     = {5437--5446},
  year      = {2020}
}

@inproceedings{bao2019depth,
  title     = {Depth-aware video frame interpolation},
  author    = {Bao, Wenbo and Lai, Wei-Sheng and Ma, Chao and Zhang, Xiaoyun and Gao, Zhiyong and Yang, Ming-Hsuan},
  booktitle = cvpr,
  year      = {2019}
}

@inproceedings{huang2022real,
  title        = {Real-time intermediate flow estimation for video frame interpolation},
  author       = {Huang, Zhewei and Zhang, Tianyuan and Heng, Wen and Shi, Boxin and Zhou, Shuchang},
  booktitle    = eccv,
  pages        = {624--642},
  year         = {2022},
  organization = {Springer}
}

@article{blattmann2023stable,
  title   = {Stable video diffusion: Scaling latent video diffusion models to large datasets},
  author  = {Blattmann, Andreas and Dockhorn, Tim and Kulal, Sumith and Mendelevitch, Daniel and Kilian, Maciej and Lorenz, Dominik and Levi, Yam and English, Zion and Voleti, Vikram and Letts, Adam and others},
  journal = {arXiv preprint arXiv:2311.15127},
  year    = {2023}
}

@article{videoworldsimulators2024,
  title  = {Video generation models as world simulators},
  author = {Tim Brooks and Bill Peebles and Connor Holmes and Will DePue and Yufei Guo and Li Jing and David Schnurr and Joe Taylor and Troy Luhman and Eric Luhman and Clarence Ng and Ricky Wang and Aditya Ramesh},
  year   = {2024},
  url    = {https://openai.com/research/video-generation-models-as-world-simulators}
}