@article{hoffman2024training,
  title={Training chain-of-thought via latent-variable inference},
  author={Hoffman, Matthew Douglas and Phan, Du and Dohan, David and Douglas, Sholto and Le, Tuan Anh and Parisi, Aaron and Sountsov, Pavel and Sutton, Charles and Vikram, Sharad and A Saurous, Rif},
  journal={Advances in Neural Information Processing Systems},
  volume={36},
  year={2024}
}

@article{hu2023amortizing,
  title={Amortizing intractable inference in large language models},
  author={Hu, Edward J and Jain, Moksh and Elmoznino, Eric and Kaddar, Younesse and Lajoie, Guillaume and Bengio, Yoshua and Malkin, Nikolay},
  journal={arXiv preprint arXiv:2310.04363},
  year={2023}
}
@article{higgins2017beta,
  title={beta-vae: Learning basic visual concepts with a constrained variational framework.},
  author={Higgins, Irina and Matthey, Loic and Pal, Arka and Burgess, Christopher P and Glorot, Xavier and Botvinick, Matthew M and Mohamed, Shakir and Lerchner, Alexander},
  journal={ICLR (Poster)},
  volume={3},
  year={2017}
}
@article{kingma2013auto,
  title={Auto-encoding variational bayes},
  author={Kingma, Diederik P},
  journal={arXiv preprint arXiv:1312.6114},
  year={2013}
}
@inproceedings{liu2022constrained,
  title={Constrained variational policy optimization for safe reinforcement learning},
  author={Liu, Zuxin and Cen, Zhepeng and Isenbaev, Vladislav and Liu, Wei and Wu, Steven and Li, Bo and Zhao, Ding},
  booktitle={International Conference on Machine Learning},
  pages={13644--13668},
  year={2022},
  organization={PMLR}
}
@article{abdolmaleki2018maximum,
  title={Maximum a posteriori policy optimisation},
  author={Abdolmaleki, Abbas and Springenberg, Jost Tobias and Tassa, Yuval and Munos, Remi and Heess, Nicolas and Riedmiller, Martin},
  journal={arXiv preprint arXiv:1806.06920},
  year={2018}
}

@article{ahmadian2024back,
  title={Back to basics: Revisiting reinforce style optimization for learning from human feedback in llms},
  author={Ahmadian, Arash and Cremer, Chris and Gall{\'e}, Matthias and Fadaee, Marzieh and Kreutzer, Julia and {\"U}st{\"u}n, Ahmet and Hooker, Sara},
  journal={arXiv preprint arXiv:2402.14740},
  year={2024}
}
@article{williams1992simple,
  title={Simple statistical gradient-following algorithms for connectionist reinforcement learning},
  author={Williams, Ronald J},
  journal={Machine learning},
  volume={8},
  pages={229--256},
  year={1992},
  publisher={Springer}
}
@article{rafailov2024direct,
  title={Direct preference optimization: Your language model is secretly a reward model},
  author={Rafailov, Rafael and Sharma, Archit and Mitchell, Eric and Manning, Christopher D and Ermon, Stefano and Finn, Chelsea},
  journal={Advances in Neural Information Processing Systems},
  volume={36},
  year={2024}
}


@article{ouyang2022training,
  title={Training language models to follow instructions with human feedback},
  author={Ouyang, Long and Wu, Jeffrey and Jiang, Xu and Almeida, Diogo and Wainwright, Carroll and Mishkin, Pamela and Zhang, Chong and Agarwal, Sandhini and Slama, Katarina and Ray, Alex and others},
  journal={Advances in neural information processing systems},
  volume={35},
  pages={27730--27744},
  year={2022}
}@article{levine2020offline,
  title={Offline reinforcement learning: Tutorial, review, and perspectives on open problems},
  author={Levine, Sergey and Kumar, Aviral and Tucker, George and Fu, Justin},
  journal={arXiv preprint arXiv:2005.01643},
  year={2020}
}

@article{havrilla2024teaching,
  title={Teaching large language models to reason with reinforcement learning},
  author={Havrilla, Alex and Du, Yuqing and Raparthy, Sharath Chandra and Nalmpantis, Christoforos and Dwivedi-Yu, Jane and Zhuravinskyi, Maksym and Hambro, Eric and Sukhbaatar, Sainbayar and Raileanu, Roberta},
  journal={arXiv preprint arXiv:2403.04642},
  year={2024}
}

@article{kumar2024training,
  title={Training Language Models to Self-Correct via Reinforcement Learning},
  author={Kumar, Aviral and Zhuang, Vincent and Agarwal, Rishabh and Su, Yi and Co-Reyes, John D and Singh, Avi and Baumli, Kate and Iqbal, Shariq and Bishop, Colton and Roelofs, Rebecca and others},
  journal={arXiv preprint arXiv:2409.12917},
  year={2024}
}
@inproceedings{trung2024reft,
  title={ReFT: Reasoning with Reinforced Fine-Tuning},
  author={Trung, Luong and Zhang, Xinbo and Jie, Zhanming and Sun, Peng and Jin, Xiaoran and Li, Hang},
  booktitle={Proceedings of the 62nd Annual Meeting of the Association for Computational Linguistics (Volume 1: Long Papers)},
  pages={7601--7614},
  year={2024}
}

@article{zelikman2024quiet,
  title={Quiet-star: Language models can teach themselves to think before speaking},
  author={Zelikman, Eric and Harik, Georges and Shao, Yijia and Jayasiri, Varuna and Haber, Nick and Goodman, Noah D},
  journal={arXiv preprint arXiv:2403.09629},
  year={2024}
}
@article{zelikman2022star,
  title={Star: Bootstrapping reasoning with reasoning},
  author={Zelikman, Eric and Wu, Yuhuai and Mu, Jesse and Goodman, Noah},
  journal={Advances in Neural Information Processing Systems},
  volume={35},
  pages={15476--15488},
  year={2022}
}
@article{mcaleese2024llm,
  title={Llm critics help catch llm bugs},
  author={McAleese, Nat and Pokorny, Rai Michael and Uribe, Juan Felipe Ceron and Nitishinskaya, Evgenia and Trebacz, Maja and Leike, Jan},
  journal={arXiv preprint arXiv:2407.00215},
  year={2024}
}

@inproceedings{NEURIPS2023_91edff07,
 author = {Madaan, Aman and Tandon, Niket and Gupta, Prakhar and Hallinan, Skyler and Gao, Luyu and Wiegreffe, Sarah and Alon, Uri and Dziri, Nouha and Prabhumoye, Shrimai and Yang, Yiming and Gupta, Shashank and Majumder, Bodhisattwa Prasad and Hermann, Katherine and Welleck, Sean and Yazdanbakhsh, Amir and Clark, Peter},
 booktitle = {Advances in Neural Information Processing Systems},
 editor = {A. Oh and T. Naumann and A. Globerson and K. Saenko and M. Hardt and S. Levine},
 pages = {46534--46594},
 publisher = {Curran Associates, Inc.},
 title = {Self-Refine: Iterative Refinement with Self-Feedback},
 url = {https://proceedings.neurips.cc/paper_files/paper/2023/file/91edff07232fb1b55a505a9e9f6c0ff3-Paper-Conference.pdf},
 volume = {36},
 year = {2023}
}


@article{lightman2023let,
  title={Let's verify step by step},
  author={Lightman, Hunter and Kosaraju, Vineet and Burda, Yura and Edwards, Harri and Baker, Bowen and Lee, Teddy and Leike, Jan and Schulman, John and Sutskever, Ilya and Cobbe, Karl},
  journal={arXiv preprint arXiv:2305.20050},
  year={2023}
}

@article{polu2020generative,
  title={Generative language modeling for automated theorem proving},
  author={Polu, Stanislas and Sutskever, Ilya},
  journal={arXiv preprint arXiv:2009.03393},
  year={2020}
}

@article{yao2023retroformer,
  title={Retroformer: Retrospective large language agents with policy gradient optimization},
  author={Yao, Weiran and Heinecke, Shelby and Niebles, Juan Carlos and Liu, Zhiwei and Feng, Yihao and Xue, Le and Murthy, Rithesh and Chen, Zeyuan and Zhang, Jianguo and Arpit, Devansh and others},
  journal={arXiv preprint arXiv:2308.02151},
  year={2023}
}

@article{hendrycks2021measuring,
  title={Measuring mathematical problem solving with the math dataset},
  author={Hendrycks, Dan and Burns, Collin and Kadavath, Saurav and Arora, Akul and Basart, Steven and Tang, Eric and Song, Dawn and Steinhardt, Jacob},
  journal={arXiv preprint arXiv:2103.03874},
  year={2021}
}

@article{saunders2022self,
  title={Self-critiquing models for assisting human evaluators},
  author={Saunders, William and Yeh, Catherine and Wu, Jeff and Bills, Steven and Ouyang, Long and Ward, Jonathan and Leike, Jan},
  journal={arXiv preprint arXiv:2206.05802},
  year={2022}
}

@article{wang2022self,
  title={Self-consistency improves chain of thought reasoning in language models},
  author={Wang, Xuezhi and Wei, Jason and Schuurmans, Dale and Le, Quoc and Chi, Ed and Narang, Sharan and Chowdhery, Aakanksha and Zhou, Denny},
  journal={arXiv preprint arXiv:2203.11171},
  year={2022}
}
@article{wang2024chain,
  title={Chain-of-thought reasoning without prompting},
  author={Wang, Xuezhi and Zhou, Denny},
  journal={arXiv preprint arXiv:2402.10200},
  year={2024}
}
@article{snell2024scaling,
  title={Scaling llm test-time compute optimally can be more effective than scaling model parameters},
  author={Snell, Charlie and Lee, Jaehoon and Xu, Kelvin and Kumar, Aviral},
  journal={arXiv preprint arXiv:2408.03314},
  year={2024}
}
@article{brown2024large,
  title={Large language monkeys: Scaling inference compute with repeated sampling},
  author={Brown, Bradley and Juravsky, Jordan and Ehrlich, Ryan and Clark, Ronald and Le, Quoc V and R{\'e}, Christopher and Mirhoseini, Azalia},
  journal={arXiv preprint arXiv:2407.21787},
  year={2024}
}
@article{wu2024empirical,
  title={An Empirical Analysis of Compute-Optimal Inference for Problem-Solving with Language Models},
  author={Wu, Yangzhen and Sun, Zhiqing and Li, Shanda and Welleck, Sean and Yang, Yiming},
  journal={arXiv preprint arXiv:2408.00724},
  year={2024}
}
@article{huang2023large,
  title={Large language models cannot self-correct reasoning yet},
  author={Huang, Jie and Chen, Xinyun and Mishra, Swaroop and Zheng, Huaixiu Steven and Yu, Adams Wei and Song, Xinying and Zhou, Denny},
  journal={arXiv preprint arXiv:2310.01798},
  year={2023}
}
@article{yao2024tree,
  title={Tree of thoughts: Deliberate problem solving with large language models},
  author={Yao, Shunyu and Yu, Dian and Zhao, Jeffrey and Shafran, Izhak and Griffiths, Tom and Cao, Yuan and Narasimhan, Karthik},
  journal={Advances in Neural Information Processing Systems},
  volume={36},
  year={2024}
}
@article{guo2024deepseek,
  title={DeepSeek-Coder: When the Large Language Model Meets Programming--The Rise of Code Intelligence},
  author={Guo, Daya and Zhu, Qihao and Yang, Dejian and Xie, Zhenda and Dong, Kai and Zhang, Wentao and Chen, Guanting and Bi, Xiao and Wu, Yu and Li, YK and others},
  journal={arXiv preprint arXiv:2401.14196},
  year={2024}
}
@article{zhang2024diversity,
  title={Diversity empowers intelligence: Integrating expertise of software engineering agents},
  author={Zhang, Kexun and Yao, Weiran and Liu, Zuxin and Feng, Yihao and Liu, Zhiwei and Murthy, Rithesh and Lan, Tian and Li, Lei and Lou, Renze and Xu, Jiacheng and others},
  journal={arXiv preprint arXiv:2408.07060},
  year={2024}
}
@article{jimenez2023swe,
  title={Swe-bench: Can language models resolve real-world github issues?},
  author={Jimenez, Carlos E and Yang, John and Wettig, Alexander and Yao, Shunyu and Pei, Kexin and Press, Ofir and Narasimhan, Karthik},
  journal={arXiv preprint arXiv:2310.06770},
  year={2023}
}
@article{rein2023gpqa,
  title={Gpqa: A graduate-level google-proof q\&a benchmark},
  author={Rein, David and Hou, Betty Li and Stickland, Asa Cooper and Petty, Jackson and Pang, Richard Yuanzhe and Dirani, Julien and Michael, Julian and Bowman, Samuel R},
  journal={arXiv preprint arXiv:2311.12022},
  year={2023}
}

@article{yasunaga2023large,
  title={Large language models as analogical reasoners},
  author={Yasunaga, Michihiro and Chen, Xinyun and Li, Yujia and Pasupat, Panupong and Leskovec, Jure and Liang, Percy and Chi, Ed H and Zhou, Denny},
  journal={arXiv preprint arXiv:2310.01714},
  year={2023}
}
@article{trinh2024solving,
  title={Solving olympiad geometry without human demonstrations},
  author={Trinh, Trieu H and Wu, Yuhuai and Le, Quoc V and He, He and Luong, Thang},
  journal={Nature},
  volume={625},
  number={7995},
  pages={476--482},
  year={2024},
  publisher={Nature Publishing Group UK London}
}
@article{luo2024improve,
  title={Improve Mathematical Reasoning in Language Models by Automated Process Supervision},
  author={Luo, Liangchen and Liu, Yinxiao and Liu, Rosanne and Phatale, Samrat and Lara, Harsh and Li, Yunxuan and Shu, Lei and Zhu, Yun and Meng, Lei and Sun, Jiao and others},
  journal={arXiv preprint arXiv:2406.06592},
  year={2024}
}
@article{cobbe2021training,
  title={Training verifiers to solve math word problems},
  author={Cobbe, Karl and Kosaraju, Vineet and Bavarian, Mohammad and Chen, Mark and Jun, Heewoo and Kaiser, Lukasz and Plappert, Matthias and Tworek, Jerry and Hilton, Jacob and Nakano, Reiichiro and others},
  journal={arXiv preprint arXiv:2110.14168},
  year={2021}
}

@incollection{Bengio+chapter2007,
author = {Bengio, Yoshua and LeCun, Yann},
booktitle = {Large Scale Kernel Machines},
publisher = {MIT Press},
title = {Scaling Learning Algorithms Towards {AI}},
year = {2007}
}

@article{Hinton06,
author = {Hinton, Geoffrey E. and Osindero, Simon and Teh, Yee Whye},
journal = {Neural Computation},
pages = {1527--1554},
title = {A Fast Learning Algorithm for Deep Belief Nets},
volume = {18},
year = {2006}
}

@book{goodfellow2016deep,
title={Deep learning},
author={Goodfellow, Ian and Bengio, Yoshua and Courville, Aaron and Bengio, Yoshua},
volume={1},
year={2016},
publisher={MIT Press}
}
@inproceedings{DBLP:conf/iclr/0002WSLCNCZ23,
  author       = {Xuezhi Wang and
                  Jason Wei and
                  Dale Schuurmans and
                  Quoc V. Le and
                  Ed H. Chi and
                  Sharan Narang and
                  Aakanksha Chowdhery and
                  Denny Zhou},
  title        = {Self-Consistency Improves Chain of Thought Reasoning in Language Models},
  booktitle    = {The Eleventh International Conference on Learning Representations,
                  {ICLR} 2023, Kigali, Rwanda, May 1-5, 2023},
  publisher    = {OpenReview.net},
  year         = {2023},
  url          = {https://openreview.net/forum?id=1PL1NIMMrw},
  timestamp    = {Wed, 24 Jul 2024 16:50:33 +0200},
  biburl       = {https://dblp.org/rec/conf/iclr/0002WSLCNCZ23.bib},
  bibsource    = {dblp computer science bibliography, https://dblp.org}
}
@inproceedings{DBLP:conf/nips/Wei0SBIXCLZ22,
  author       = {Jason Wei and
                  Xuezhi Wang and
                  Dale Schuurmans and
                  Maarten Bosma and
                  Brian Ichter and
                  Fei Xia and
                  Ed H. Chi and
                  Quoc V. Le and
                  Denny Zhou},
  editor       = {Sanmi Koyejo and
                  S. Mohamed and
                  A. Agarwal and
                  Danielle Belgrave and
                  K. Cho and
                  A. Oh},
  title        = {Chain-of-Thought Prompting Elicits Reasoning in Large Language Models},
  booktitle    = {Advances in Neural Information Processing Systems 35: Annual Conference
                  on Neural Information Processing Systems 2022, NeurIPS 2022, New Orleans,
                  LA, USA, November 28 - December 9, 2022},
  year         = {2022},
  url          = {http://papers.nips.cc/paper\_files/paper/2022/hash/9d5609613524ecf4f15af0f7b31abca4-Abstract-Conference.html},
  timestamp    = {Mon, 08 Jan 2024 16:31:37 +0100},
  biburl       = {https://dblp.org/rec/conf/nips/Wei0SBIXCLZ22.bib},
  bibsource    = {dblp computer science bibliography, https://dblp.org}
}

@inproceedings{DBLP:conf/iclr/YaoZYDSN023,
  author       = {Shunyu Yao and
                  Jeffrey Zhao and
                  Dian Yu and
                  Nan Du and
                  Izhak Shafran and
                  Karthik R. Narasimhan and
                  Yuan Cao},
  title        = {ReAct: Synergizing Reasoning and Acting in Language Models},
  booktitle    = {The Eleventh International Conference on Learning Representations,
                  {ICLR} 2023, Kigali, Rwanda, May 1-5, 2023},
  publisher    = {OpenReview.net},
  year         = {2023},
  url          = {https://openreview.net/forum?id=WE\_vluYUL-X},
  timestamp    = {Wed, 24 Jul 2024 16:50:33 +0200},
  biburl       = {https://dblp.org/rec/conf/iclr/YaoZYDSN023.bib},
  bibsource    = {dblp computer science bibliography, https://dblp.org}
}
@article{DBLP:journals/ml/Williams92,
  author       = {Ronald J. Williams},
  title        = {Simple Statistical Gradient-Following Algorithms for Connectionist
                  Reinforcement Learning},
  journal      = {Mach. Learn.},
  volume       = {8},
  pages        = {229--256},
  year         = {1992},
  url          = {https://doi.org/10.1007/BF00992696},
  doi          = {10.1007/BF00992696},
  timestamp    = {Mon, 02 Mar 2020 16:28:58 +0100},
  biburl       = {https://dblp.org/rec/journals/ml/Williams92.bib},
  bibsource    = {dblp computer science bibliography, https://dblp.org}
}
@inproceedings{DBLP:conf/iclr/KoolHW19a,
  author       = {Wouter Kool and
                  Herke van Hoof and
                  Max Welling},
  title        = {Buy 4 {REINFORCE} Samples, Get a Baseline for Free!},
  booktitle    = {Deep Reinforcement Learning Meets Structured Prediction, {ICLR} 2019
                  Workshop, New Orleans, Louisiana, United States, May 6, 2019},
  publisher    = {OpenReview.net},
  year         = {2019},
  url          = {https://openreview.net/forum?id=r1lgTGL5DE},
  timestamp    = {Fri, 17 Apr 2020 14:12:02 +0200},
  biburl       = {https://dblp.org/rec/conf/iclr/KoolHW19a.bib},
  bibsource    = {dblp computer science bibliography, https://dblp.org}
}
@article{DBLP:journals/corr/abs-2310-00212,
  author       = {Tianhao Wu and
                  Banghua Zhu and
                  Ruoyu Zhang and
                  Zhaojin Wen and
                  Kannan Ramchandran and
                  Jiantao Jiao},
  title        = {Pairwise Proximal Policy Optimization: Harnessing Relative Feedback
                  for {LLM} Alignment},
  journal      = {CoRR},
  volume       = {abs/2310.00212},
  year         = {2023},
  url          = {https://doi.org/10.48550/arXiv.2310.00212},
  doi          = {10.48550/ARXIV.2310.00212},
  eprinttype    = {arXiv},
  eprint       = {2310.00212},
  timestamp    = {Mon, 18 Mar 2024 12:00:08 +0100},
  biburl       = {https://dblp.org/rec/journals/corr/abs-2310-00212.bib},
  bibsource    = {dblp computer science bibliography, https://dblp.org}
}
@article{DBLP:journals/corr/abs-2311-01460,
  author       = {Yuntian Deng and
                  Kiran Prasad and
                  Roland Fernandez and
                  Paul Smolensky and
                  Vishrav Chaudhary and
                  Stuart M. Shieber},
  title        = {Implicit Chain of Thought Reasoning via Knowledge Distillation},
  journal      = {CoRR},
  volume       = {abs/2311.01460},
  year         = {2023},
  url          = {https://doi.org/10.48550/arXiv.2311.01460},
  doi          = {10.48550/ARXIV.2311.01460},
  eprinttype    = {arXiv},
  eprint       = {2311.01460},
  timestamp    = {Tue, 07 Nov 2023 18:17:14 +0100},
  biburl       = {https://dblp.org/rec/journals/corr/abs-2311-01460.bib},
  bibsource    = {dblp computer science bibliography, https://dblp.org}
}
@inproceedings{DBLP:conf/iclr/HuSWALWWC22,
  author       = {Edward J. Hu and
                  Yelong Shen and
                  Phillip Wallis and
                  Zeyuan Allen{-}Zhu and
                  Yuanzhi Li and
                  Shean Wang and
                  Lu Wang and
                  Weizhu Chen},
  title        = {LoRA: Low-Rank Adaptation of Large Language Models},
  booktitle    = {The Tenth International Conference on Learning Representations, {ICLR}
                  2022, Virtual Event, April 25-29, 2022},
  publisher    = {OpenReview.net},
  year         = {2022},
  url          = {https://openreview.net/forum?id=nZeVKeeFYf9},
  timestamp    = {Sat, 20 Aug 2022 01:15:42 +0200},
  biburl       = {https://dblp.org/rec/conf/iclr/HuSWALWWC22.bib},
  bibsource    = {dblp computer science bibliography, https://dblp.org}
}
@article{DBLP:journals/corr/abs-2110-14168,
  author       = {Karl Cobbe and
                  Vineet Kosaraju and
                  Mohammad Bavarian and
                  Mark Chen and
                  Heewoo Jun and
                  Lukasz Kaiser and
                  Matthias Plappert and
                  Jerry Tworek and
                  Jacob Hilton and
                  Reiichiro Nakano and
                  Christopher Hesse and
                  John Schulman},
  title        = {Training Verifiers to Solve Math Word Problems},
  journal      = {CoRR},
  volume       = {abs/2110.14168},
  year         = {2021},
  url          = {https://arxiv.org/abs/2110.14168},
  eprinttype    = {arXiv},
  eprint       = {2110.14168},
  timestamp    = {Mon, 12 Jun 2023 08:23:44 +0200},
  biburl       = {https://dblp.org/rec/journals/corr/abs-2110-14168.bib},
  bibsource    = {dblp computer science bibliography, https://dblp.org}
}
@inproceedings{DBLP:conf/nips/HendrycksBKABTS21,
  author       = {Dan Hendrycks and
                  Collin Burns and
                  Saurav Kadavath and
                  Akul Arora and
                  Steven Basart and
                  Eric Tang and
                  Dawn Song and
                  Jacob Steinhardt},
  editor       = {Joaquin Vanschoren and
                  Sai{-}Kit Yeung},
  title        = {Measuring Mathematical Problem Solving With the {MATH} Dataset},
  booktitle    = {Proceedings of the Neural Information Processing Systems Track on
                  Datasets and Benchmarks 1, NeurIPS Datasets and Benchmarks 2021, December
                  2021, virtual},
  year         = {2021},
  url          = {https://datasets-benchmarks-proceedings.neurips.cc/paper/2021/hash/be83ab3ecd0db773eb2dc1b0a17836a1-Abstract-round2.html},
  timestamp    = {Thu, 05 May 2022 16:53:59 +0200},
  biburl       = {https://dblp.org/rec/conf/nips/HendrycksBKABTS21.bib},
  bibsource    = {dblp computer science bibliography, https://dblp.org}
}
@misc{vonwerra2022trl,
  author = {Leandro von Werra and Younes Belkada and Lewis Tunstall and Edward Beeching and Tristan Thrush and Nathan Lambert and Shengyi Huang},
  title = {TRL: Transformer Reinforcement Learning},
  year = {2020},
  publisher = {GitHub},
  journal = {GitHub repository},
  howpublished = {\url{https://github.com/huggingface/trl}}
}
@inproceedings{wolf-etal-2020-transformers,
    title = "Transformers: State-of-the-Art Natural Language Processing",
    author = "Thomas Wolf and Lysandre Debut and Victor Sanh and Julien Chaumond and Clement Delangue and Anthony Moi and Pierric Cistac and Tim Rault and Rémi Louf and Morgan Funtowicz and Joe Davison and Sam Shleifer and Patrick von Platen and Clara Ma and Yacine Jernite and Julien Plu and Canwen Xu and Teven Le Scao and Sylvain Gugger and Mariama Drame and Quentin Lhoest and Alexander M. Rush",
    booktitle = "Proceedings of the 2020 Conference on Empirical Methods in Natural Language Processing: System Demonstrations",
    month = oct,
    year = "2020",
    address = "Online",
    publisher = "Association for Computational Linguistics",
    url = "https://www.aclweb.org/anthology/2020.emnlp-demos.6",
    pages = "38--45"
}
@article{Ansel2024PyTorch2F,
  title={PyTorch 2: Faster Machine Learning Through Dynamic Python Bytecode Transformation and Graph Compilation},
  author={Jason Ansel and Edward Yang and Horace He and Natalia Gimelshein and Animesh Jain and Michael Voznesensky and Bin Bao and Peter Bell and David Berard and Evgeni Burovski and Geeta Chauhan and Anjali Chourdia and Will Constable and Alban Desmaison and Zachary DeVito and Elias Ellison and Will Feng and Jiong Gong and Michael Gschwind and Brian Hirsh and Sherlock Huang and Kshiteej Kalambarkar and Laurent Kirsch and Michael Lazos and Mario Lezcano and Yanbo Liang and Jason Liang and Yinghai Lu and C. K. Luk and Bert Maher and Yunjie Pan and Christian Puhrsch and Matthias Reso and Mark-Albert Saroufim and Marcos Yukio Siraichi and Helen Suk and Shunting Zhang and Michael Suo and Phil Tillet and Xu Zhao and Eikan Wang and Keren Zhou and Richard Zou and Xiaodong Wang and Ajit Mathews and William Wen and Gregory Chanan and Peng Wu and Soumith Chintala},
  journal={Proceedings of the 29th ACM International Conference on Architectural Support for Programming Languages and Operating Systems, Volume 2},
  year={2024},
  url={https://api.semanticscholar.org/CorpusID:268794728}
}
@article{DBLP:journals/corr/abs-2404-14219,
  author       = {Marah I Abdin and
                  Sam Ade Jacobs and
                  Ammar Ahmad Awan and
                  Jyoti Aneja and
                  Ahmed Awadallah and
                  Hany Awadalla and
                  Nguyen Bach and
                  Amit Bahree and
                  Arash Bakhtiari and
                  Harkirat S. Behl and
                  Alon Benhaim and
                  Misha Bilenko and
                  Johan Bjorck and
                  S{\'{e}}bastien Bubeck and
                  Martin Cai and
                  Caio C{\'{e}}sar Teodoro Mendes and
                  Weizhu Chen and
                  Vishrav Chaudhary and
                  Parul Chopra and
                  Allie Del Giorno and
                  Gustavo de Rosa and
                  Matthew Dixon and
                  Ronen Eldan and
                  Dan Iter and
                  Amit Garg and
                  Abhishek Goswami and
                  Suriya Gunasekar and
                  Emman Haider and
                  Junheng Hao and
                  Russell J. Hewett and
                  Jamie Huynh and
                  Mojan Javaheripi and
                  Xin Jin and
                  Piero Kauffmann and
                  Nikos Karampatziakis and
                  Dongwoo Kim and
                  Mahoud Khademi and
                  Lev Kurilenko and
                  James R. Lee and
                  Yin Tat Lee and
                  Yuanzhi Li and
                  Chen Liang and
                  Weishung Liu and
                  Eric Lin and
                  Zeqi Lin and
                  Piyush Madan and
                  Arindam Mitra and
                  Hardik Modi and
                  Anh Nguyen and
                  Brandon Norick and
                  Barun Patra and
                  Daniel Perez{-}Becker and
                  Thomas Portet and
                  Reid Pryzant and
                  Heyang Qin and
                  Marko Radmilac and
                  Corby Rosset and
                  Sambudha Roy and
                  Olatunji Ruwase and
                  Olli Saarikivi and
                  Amin Saied and
                  Adil Salim and
                  Michael Santacroce and
                  Shital Shah and
                  Ning Shang and
                  Hiteshi Sharma and
                  Xia Song and
                  Masahiro Tanaka and
                  Xin Wang and
                  Rachel Ward and
                  Guanhua Wang and
                  Philipp Witte and
                  Michael Wyatt and
                  Can Xu and
                  Jiahang Xu and
                  Sonali Yadav and
                  Fan Yang and
                  Ziyi Yang and
                  Donghan Yu and
                  Chengruidong Zhang and
                  Cyril Zhang and
                  Jianwen Zhang and
                  Li Lyna Zhang and
                  Yi Zhang and
                  Yue Zhang and
                  Yunan Zhang and
                  Xiren Zhou},
  title        = {Phi-3 Technical Report: {A} Highly Capable Language Model Locally
                  on Your Phone},
  journal      = {CoRR},
  volume       = {abs/2404.14219},
  year         = {2024},
  url          = {https://doi.org/10.48550/arXiv.2404.14219},
  doi          = {10.48550/ARXIV.2404.14219},
  eprinttype    = {arXiv},
  eprint       = {2404.14219},
  timestamp    = {Mon, 05 Aug 2024 08:29:04 +0200},
  biburl       = {https://dblp.org/rec/journals/corr/abs-2404-14219.bib},
  bibsource    = {dblp computer science bibliography, https://dblp.org}
}
@article{DBLP:journals/corr/abs-2310-06825,
  author       = {Albert Q. Jiang and
                  Alexandre Sablayrolles and
                  Arthur Mensch and
                  Chris Bamford and
                  Devendra Singh Chaplot and
                  Diego de Las Casas and
                  Florian Bressand and
                  Gianna Lengyel and
                  Guillaume Lample and
                  Lucile Saulnier and
                  L{\'{e}}lio Renard Lavaud and
                  Marie{-}Anne Lachaux and
                  Pierre Stock and
                  Teven Le Scao and
                  Thibaut Lavril and
                  Thomas Wang and
                  Timoth{\'{e}}e Lacroix and
                  William El Sayed},
  title        = {Mistral 7B},
  journal      = {CoRR},
  volume       = {abs/2310.06825},
  year         = {2023},
  url          = {https://doi.org/10.48550/arXiv.2310.06825},
  doi          = {10.48550/ARXIV.2310.06825},
  eprinttype    = {arXiv},
  eprint       = {2310.06825},
  timestamp    = {Thu, 26 Oct 2023 16:46:26 +0200},
  biburl       = {https://dblp.org/rec/journals/corr/abs-2310-06825.bib},
  bibsource    = {dblp computer science bibliography, https://dblp.org}
}
@article{DBLP:journals/corr/abs-2407-21783,
  author       = {Abhimanyu Dubey and
                  Abhinav Jauhri and
                  Abhinav Pandey and
                  Abhishek Kadian and
                  Ahmad Al{-}Dahle and
                  Aiesha Letman and
                  Akhil Mathur and
                  Alan Schelten and
                  Amy Yang and
                  Angela Fan and
                  Anirudh Goyal and
                  Anthony Hartshorn and
                  Aobo Yang and
                  Archi Mitra and
                  Archie Sravankumar and
                  Artem Korenev and
                  Arthur Hinsvark and
                  Arun Rao and
                  Aston Zhang and
                  Aur{\'{e}}lien Rodriguez and
                  Austen Gregerson and
                  Ava Spataru and
                  Baptiste Rozi{\`{e}}re and
                  Bethany Biron and
                  Binh Tang and
                  Bobbie Chern and
                  Charlotte Caucheteux and
                  Chaya Nayak and
                  Chloe Bi and
                  Chris Marra and
                  Chris McConnell and
                  Christian Keller and
                  Christophe Touret and
                  Chunyang Wu and
                  Corinne Wong and
                  Cristian Canton Ferrer and
                  Cyrus Nikolaidis and
                  Damien Allonsius and
                  Daniel Song and
                  Danielle Pintz and
                  Danny Livshits and
                  David Esiobu and
                  Dhruv Choudhary and
                  Dhruv Mahajan and
                  Diego Garcia{-}Olano and
                  Diego Perino and
                  Dieuwke Hupkes and
                  Egor Lakomkin and
                  Ehab AlBadawy and
                  Elina Lobanova and
                  Emily Dinan and
                  Eric Michael Smith and
                  Filip Radenovic and
                  Frank Zhang and
                  Gabriel Synnaeve and
                  Gabrielle Lee and
                  Georgia Lewis Anderson and
                  Graeme Nail and
                  Gr{\'{e}}goire Mialon and
                  Guan Pang and
                  Guillem Cucurell and
                  Hailey Nguyen and
                  Hannah Korevaar and
                  Hu Xu and
                  Hugo Touvron and
                  Iliyan Zarov and
                  Imanol Arrieta Ibarra and
                  Isabel M. Kloumann and
                  Ishan Misra and
                  Ivan Evtimov and
                  Jade Copet and
                  Jaewon Lee and
                  Jan Geffert and
                  Jana Vranes and
                  Jason Park and
                  Jay Mahadeokar and
                  Jeet Shah and
                  Jelmer van der Linde and
                  Jennifer Billock and
                  Jenny Hong and
                  Jenya Lee and
                  Jeremy Fu and
                  Jianfeng Chi and
                  Jianyu Huang and
                  Jiawen Liu and
                  Jie Wang and
                  Jiecao Yu and
                  Joanna Bitton and
                  Joe Spisak and
                  Jongsoo Park and
                  Joseph Rocca and
                  Joshua Johnstun and
                  Joshua Saxe and
                  Junteng Jia and
                  Kalyan Vasuden Alwala and
                  Kartikeya Upasani and
                  Kate Plawiak and
                  Ke Li and
                  Kenneth Heafield and
                  Kevin Stone and
                  et al.},
  title        = {The Llama 3 Herd of Models},
  journal      = {CoRR},
  volume       = {abs/2407.21783},
  year         = {2024},
  url          = {https://doi.org/10.48550/arXiv.2407.21783},
  doi          = {10.48550/ARXIV.2407.21783},
  eprinttype    = {arXiv},
  eprint       = {2407.21783},
  timestamp    = {Mon, 26 Aug 2024 08:08:35 +0200},
  biburl       = {https://dblp.org/rec/journals/corr/abs-2407-21783.bib},
  bibsource    = {dblp computer science bibliography, https://dblp.org}
}
@inproceedings{DBLP:conf/kdd/RasleyRRH20,
  author       = {Jeff Rasley and
                  Samyam Rajbhandari and
                  Olatunji Ruwase and
                  Yuxiong He},
  editor       = {Rajesh Gupta and
                  Yan Liu and
                  Jiliang Tang and
                  B. Aditya Prakash},
  title        = {DeepSpeed: System Optimizations Enable Training Deep Learning Models
                  with Over 100 Billion Parameters},
  booktitle    = {{KDD} '20: The 26th {ACM} {SIGKDD} Conference on Knowledge Discovery
                  and Data Mining, Virtual Event, CA, USA, August 23-27, 2020},
  pages        = {3505--3506},
  publisher    = {{ACM}},
  year         = {2020},
  url          = {https://doi.org/10.1145/3394486.3406703},
  doi          = {10.1145/3394486.3406703},
  timestamp    = {Tue, 09 Mar 2021 09:46:47 +0100},
  biburl       = {https://dblp.org/rec/conf/kdd/RasleyRRH20.bib},
  bibsource    = {dblp computer science bibliography, https://dblp.org}
}
@inproceedings{DBLP:conf/nips/DaoFERR22,
  author       = {Tri Dao and
                  Daniel Y. Fu and
                  Stefano Ermon and
                  Atri Rudra and
                  Christopher R{\'{e}}},
  editor       = {Sanmi Koyejo and
                  S. Mohamed and
                  A. Agarwal and
                  Danielle Belgrave and
                  K. Cho and
                  A. Oh},
  title        = {FlashAttention: Fast and Memory-Efficient Exact Attention with IO-Awareness},
  booktitle    = {Advances in Neural Information Processing Systems 35: Annual Conference
                  on Neural Information Processing Systems 2022, NeurIPS 2022, New Orleans,
                  LA, USA, November 28 - December 9, 2022},
  year         = {2022},
  url          = {http://papers.nips.cc/paper\_files/paper/2022/hash/67d57c32e20fd0a7a302cb81d36e40d5-Abstract-Conference.html},
  timestamp    = {Mon, 08 Jan 2024 16:31:29 +0100},
  biburl       = {https://dblp.org/rec/conf/nips/DaoFERR22.bib},
  bibsource    = {dblp computer science bibliography, https://dblp.org}
}
@misc{openai_learning_2024,
  author       = {{OpenAI}},
  title        = {Learning to Reason with {LLMs}},
  year         = {2024},
  howpublished = {\url{https://openai.com/index/learning-to-reason-with-llms/}},
  note         = {[Online]}
}
@inproceedings{DBLP:conf/iclr/0001LZ024,
  author       = {Zhiyuan Liu and
                  Hong Liu and
                  Denny Zhou and
                  Tengyu Ma},
  title        = {Chain of Thought Empowers Transformers to Solve Inherently Serial
                  Problems},
  booktitle    = {The Twelfth International Conference on Learning Representations,
                  {ICLR} 2024, Vienna, Austria, May 7-11, 2024},
  publisher    = {OpenReview.net},
  year         = {2024},
  url          = {https://openreview.net/forum?id=3EWTEy9MTM},
  timestamp    = {Wed, 07 Aug 2024 17:11:53 +0200},
  biburl       = {https://dblp.org/rec/conf/iclr/0001LZ024.bib},
  bibsource    = {dblp computer science bibliography, https://dblp.org}
}
@article{DBLP:journals/corr/abs-2407-20311,
  author       = {Tian Ye and
                  Zicheng Xu and
                  Yuanzhi Li and
                  Zeyuan Allen{-}Zhu},
  title        = {Physics of Language Models: Part 2.1, Grade-School Math and the Hidden
                  Reasoning Process},
  journal      = {CoRR},
  volume       = {abs/2407.20311},
  year         = {2024},
  url          = {https://doi.org/10.48550/arXiv.2407.20311},
  doi          = {10.48550/ARXIV.2407.20311},
  eprinttype    = {arXiv},
  eprint       = {2407.20311},
  timestamp    = {Fri, 06 Sep 2024 16:14:02 +0200},
  biburl       = {https://dblp.org/rec/journals/corr/abs-2407-20311.bib},
  bibsource    = {dblp computer science bibliography, https://dblp.org}
}
@inproceedings{DBLP:conf/naacl/TalmorHLB19,
  author       = {Alon Talmor and
                  Jonathan Herzig and
                  Nicholas Lourie and
                  Jonathan Berant},
  editor       = {Jill Burstein and
                  Christy Doran and
                  Thamar Solorio},
  title        = {CommonsenseQA: {A} Question Answering Challenge Targeting Commonsense
                  Knowledge},
  booktitle    = {Proceedings of the 2019 Conference of the North American Chapter of
                  the Association for Computational Linguistics: Human Language Technologies,
                  {NAACL-HLT} 2019, Minneapolis, MN, USA, June 2-7, 2019, Volume 1 (Long
                  and Short Papers)},
  pages        = {4149--4158},
  publisher    = {Association for Computational Linguistics},
  year         = {2019},
  url          = {https://doi.org/10.18653/v1/n19-1421},
  doi          = {10.18653/V1/N19-1421},
  timestamp    = {Thu, 25 Apr 2024 15:20:32 +0200},
  biburl       = {https://dblp.org/rec/conf/naacl/TalmorHLB19.bib},
  bibsource    = {dblp computer science bibliography, https://dblp.org}
}
@article{DBLP:journals/corr/abs-1803-05457,
  author       = {Peter Clark and
                  Isaac Cowhey and
                  Oren Etzioni and
                  Tushar Khot and
                  Ashish Sabharwal and
                  Carissa Schoenick and
                  Oyvind Tafjord},
  title        = {Think you have Solved Question Answering? Try ARC, the {AI2} Reasoning
                  Challenge},
  journal      = {CoRR},
  volume       = {abs/1803.05457},
  year         = {2018},
  url          = {http://arxiv.org/abs/1803.05457},
  eprinttype    = {arXiv},
  eprint       = {1803.05457},
  timestamp    = {Mon, 13 Aug 2018 16:48:43 +0200},
  biburl       = {https://dblp.org/rec/journals/corr/abs-1803-05457.bib},
  bibsource    = {dblp computer science bibliography, https://dblp.org}
}
@article{sprague2024cot,
    title={To CoT or not to CoT? Chain-of-thought helps mainly on math and symbolic reasoning},
    author={Zayne Sprague and Fangcong Yin and Juan Diego Rodriguez and Dongwei Jiang and Manya Wadhwa and Prasann Singhal and Xinyu Zhao and Xi Ye and Kyle Mahowald and Greg Durrett},
    year={2024},
    journal={CoRR},
    volume={abs/2409.12183},
    eprint={2409.12183},
    archivePrefix={arXiv},
    url={http://arxiv.org/abs/2409.12183},
    eprinttype= {arXiv},
    eprint={2409.12183},
    primaryClass={cs.CL}
}
@inproceedings{DBLP:conf/nips/ShinnCGNY23,
  author       = {Noah Shinn and
                  Federico Cassano and
                  Ashwin Gopinath and
                  Karthik Narasimhan and
                  Shunyu Yao},
  editor       = {Alice Oh and
                  Tristan Naumann and
                  Amir Globerson and
                  Kate Saenko and
                  Moritz Hardt and
                  Sergey Levine},
  title        = {Reflexion: language agents with verbal reinforcement learning},
  booktitle    = {Advances in Neural Information Processing Systems 36: Annual Conference
                  on Neural Information Processing Systems 2023, NeurIPS 2023, New Orleans,
                  LA, USA, December 10 - 16, 2023},
  year         = {2023},
  url          = {http://papers.nips.cc/paper\_files/paper/2023/hash/1b44b878bb782e6954cd888628510e90-Abstract-Conference.html},
  timestamp    = {Fri, 01 Mar 2024 16:26:19 +0100},
  biburl       = {https://dblp.org/rec/conf/nips/ShinnCGNY23.bib},
  bibsource    = {dblp computer science bibliography, https://dblp.org}
}
@article{DBLP:journals/tmlr/ChenM0C23,
  author       = {Wenhu Chen and
                  Xueguang Ma and
                  Xinyi Wang and
                  William W. Cohen},
  title        = {Program of Thoughts Prompting: Disentangling Computation from Reasoning
                  for Numerical Reasoning Tasks},
  journal      = {Trans. Mach. Learn. Res.},
  volume       = {2023},
  year         = {2023},
  url          = {https://openreview.net/forum?id=YfZ4ZPt8zd},
  timestamp    = {Thu, 01 Aug 2024 15:37:25 +0200},
  biburl       = {https://dblp.org/rec/journals/tmlr/ChenM0C23.bib},
  bibsource    = {dblp computer science bibliography, https://dblp.org}
}
@inproceedings{DBLP:conf/nips/YaoYZS00N23,
  author       = {Shunyu Yao and
                  Dian Yu and
                  Jeffrey Zhao and
                  Izhak Shafran and
                  Tom Griffiths and
                  Yuan Cao and
                  Karthik Narasimhan},
  editor       = {Alice Oh and
                  Tristan Naumann and
                  Amir Globerson and
                  Kate Saenko and
                  Moritz Hardt and
                  Sergey Levine},
  title        = {Tree of Thoughts: Deliberate Problem Solving with Large Language Models},
  booktitle    = {Advances in Neural Information Processing Systems 36: Annual Conference
                  on Neural Information Processing Systems 2023, NeurIPS 2023, New Orleans,
                  LA, USA, December 10 - 16, 2023},
  year         = {2023},
  url          = {http://papers.nips.cc/paper\_files/paper/2023/hash/271db9922b8d1f4dd7aaef84ed5ac703-Abstract-Conference.html},
  timestamp    = {Fri, 01 Mar 2024 16:26:19 +0100},
  biburl       = {https://dblp.org/rec/conf/nips/YaoYZS00N23.bib},
  bibsource    = {dblp computer science bibliography, https://dblp.org}
}
@inproceedings{DBLP:conf/aaai/BestaBKGPGGLNNH24,
  author       = {Maciej Besta and
                  Nils Blach and
                  Ales Kubicek and
                  Robert Gerstenberger and
                  Michal Podstawski and
                  Lukas Gianinazzi and
                  Joanna Gajda and
                  Tomasz Lehmann and
                  Hubert Niewiadomski and
                  Piotr Nyczyk and
                  Torsten Hoefler},
  editor       = {Michael J. Wooldridge and
                  Jennifer G. Dy and
                  Sriraam Natarajan},
  title        = {Graph of Thoughts: Solving Elaborate Problems with Large Language
                  Models},
  booktitle    = {Thirty-Eighth {AAAI} Conference on Artificial Intelligence, {AAAI}
                  2024, Thirty-Sixth Conference on Innovative Applications of Artificial
                  Intelligence, {IAAI} 2024, Fourteenth Symposium on Educational Advances
                  in Artificial Intelligence, {EAAI} 2014, February 20-27, 2024, Vancouver,
                  Canada},
  pages        = {17682--17690},
  publisher    = {{AAAI} Press},
  year         = {2024},
  url          = {https://doi.org/10.1609/aaai.v38i16.29720},
  doi          = {10.1609/AAAI.V38I16.29720},
  timestamp    = {Tue, 07 May 2024 20:01:55 +0200},
  biburl       = {https://dblp.org/rec/conf/aaai/BestaBKGPGGLNNH24.bib},
  bibsource    = {dblp computer science bibliography, https://dblp.org}
}
@inproceedings{
zheng2024large,
title={Large Language Models Are Not Robust Multiple Choice Selectors},
author={Chujie Zheng and Hao Zhou and Fandong Meng and Jie Zhou and Minlie Huang},
booktitle={The Twelfth International Conference on Learning Representations},
year={2024},
url={https://openreview.net/forum?id=shr9PXz7T0}
}
@article{zhang2024chain,
  title={Chain of Preference Optimization: Improving Chain-of-Thought Reasoning in LLMs},
  author={Zhang, Xuan and Du, Chao and Pang, Tianyu and Liu, Qian and Gao, Wei and Lin, Min},
  journal={arXiv preprint arXiv:2406.09136},
  year={2024}
}