@article{salman2023raising,
  title={Raising the Cost of Malicious AI-Powered Image Editing},
  author={Salman, Hadi and Khaddaj, Alaa and Leclerc, Guillaume and Ilyas, Andrew and Madry, Aleksander},
  journal={arXiv preprint arXiv:2302.06588},
  year={2023}
}

@article{ruiz2022dreambooth,
  title={DreamBooth: Fine Tuning Text-to-image Diffusion Models for Subject-Driven Generation},
  author={Ruiz, Nataniel and Li, Yuanzhen and Jampani, Varun and Pritch, Yael and Rubinstein, Michael and Aberman, Kfir},
  booktitle={arXiv preprint arxiv:2208.12242},
  year={2022}
}

@inproceedings{
radiya-dixit2021data,
title={Data Poisoning Won{\textquoteright}t Save You From Facial Recognition},
author={Evani Radiya-Dixit and Florian Tramer},
booktitle={ICML 2021 Workshop on Adversarial Machine Learning},
year={2021},
url={https://openreview.net/forum?id=__sp5PEix2H}
}

% stable diffusion
@inproceedings{rombach2022high, 
  title={High-resolution image synthesis with latent diffusion models},
  author={Rombach, Robin and Blattmann, Andreas and Lorenz, Dominik and Esser, Patrick and Ommer, Bj{\"o}rn},
  booktitle={Proceedings of the IEEE/CVF Conference on Computer Vision and Pattern Recognition},
  pages={10684--10695},
  year={2022}
}

@article{ho2020denoising,
  title={Denoising diffusion probabilistic models},
  author={Ho, Jonathan and Jain, Ajay and Abbeel, Pieter},
  journal={Advances in Neural Information Processing Systems},
  volume={33},
  pages={6840--6851},
  year={2020}
}

@inproceedings{shin2017jpeg,
  title={Jpeg-resistant adversarial images},
  author={Shin, Richard and Song, Dawn},
  booktitle={NIPS 2017 Workshop on Machine Learning and Computer Security},
  volume={1},
  pages={8},
  year={2017}
}

@article{das2017keeping,
  title={Keeping the bad guys out: Protecting and vaccinating deep learning with jpeg compression},
  author={Das, Nilaksh and Shanbhogue, Madhuri and Chen, Shang-Tse and Hohman, Fred and Chen, Li and Kounavis, Michael E and Chau, Duen Horng},
  journal={arXiv preprint arXiv:1705.02900},
  year={2017}
}

 @misc{w3techs, title={Usage statistics of JPEG for websites}, url={https://w3techs.com/technologies/details/im-jpeg}, journal={W3Techs}} 

@inproceedings{athalye2018synthesizing,
  title={Synthesizing robust adversarial examples},
  author={Athalye, Anish and Engstrom, Logan and Ilyas, Andrew and Kwok, Kevin},
  booktitle={International conference on machine learning},
  pages={284--293},
  year={2018},
  organization={PMLR}
}

@inproceedings{he2022masked,
  title={Masked autoencoders are scalable vision learners},
  author={He, Kaiming and Chen, Xinlei and Xie, Saining and Li, Yanghao and Doll{\'a}r, Piotr and Girshick, Ross},
  booktitle={Proceedings of the IEEE/CVF Conference on Computer Vision and Pattern Recognition},
  pages={16000--16009},
  year={2022}
}

@article{nie2022diffusion,
  title={Diffusion models for adversarial purification},
  author={Nie, Weili and Guo, Brandon and Huang, Yujia and Xiao, Chaowei and Vahdat, Arash and Anandkumar, Anima},
  journal={arXiv preprint arXiv:2205.07460},
  year={2022}
}

@InProceedings{Raff_2019_CVPR,
author = {Raff, Edward and Sylvester, Jared and Forsyth, Steven and McLean, Mark},
title = {Barrage of Random Transforms for Adversarially Robust Defense},
booktitle = {Proceedings of the IEEE/CVF Conference on Computer Vision and Pattern Recognition (CVPR)},
month = {June},
year = {2019}
}

@ARTICLE{mustafa2020image,
  author={Mustafa, Aamir and Khan, Salman H. and Hayat, Munawar and Shen, Jianbing and Shao, Ling},
  journal={IEEE Transactions on Image Processing}, 
  title={Image Super-Resolution as a Defense Against Adversarial Attacks}, 
  year={2020},
  volume={29},
  number={},
  pages={1711-1724},
  doi={10.1109/TIP.2019.2940533}}

@article{shan2023glaze,
  title={GLAZE: Protecting Artists from Style Mimicry by Text-to-Image Models},
  author={Shan, Shawn and Cryan, Jenna and Wenger, Emily and Zheng, Haitao and Hanocka, Rana and Zhao, Ben Y},
  journal={arXiv preprint arXiv:2302.04222},
  year={2023}
}

% TODO: remove cites below this point
@incollection{Bengio+chapter2007,
author = {Bengio, Yoshua and LeCun, Yann},
booktitle = {Large Scale Kernel Machines},
publisher = {MIT Press},
title = {Scaling Learning Algorithms Towards {AI}},
year = {2007}
}

@article{Hinton06,
author = {Hinton, Geoffrey E. and Osindero, Simon and Teh, Yee Whye},
journal = {Neural Computation},
pages = {1527--1554},
title = {A Fast Learning Algorithm for Deep Belief Nets},
volume = {18},
year = {2006}
}

@book{goodfellow2016deep,
title={Deep learning},
author={Goodfellow, Ian and Bengio, Yoshua and Courville, Aaron and Bengio, Yoshua},
volume={1},
year={2016},
publisher={MIT Press}
}