@ARTICLE{Roychev2020-zl,
  title     = "Influence of drying technology on quantity of coloring substances
               in raisins from seedless vine cultivars",
  author    = "Roychev, V and {INFLUENCE OF DRYING TECHNOLOGY ON QUANTITY OF
               COLORING SUBSTANCES IN RAISINS FROM SEEDLESS VINE CULTIVARS}",
  journal   = "Russian Vine",
  publisher = "ARRIV and W - Branch of the FSBSI FRARC",
  volume    =  13,
  pages     = "41--48",
  year      =  2020,
  keywords  = "Concept Competition"
}

@ARTICLE{Frank2007-pn,
  title    = "Transformational networks",
  author   = "Frank, Robert and Mathis, Donald",
  journal  = "Models of Human Language Acquisition",
  volume   =  22,
  year     =  2007,
  keywords = "Concept Competition"
}

@INPROCEEDINGS{Ramirez2022-mx,
  title     = "Crowdsourcing Syntactically Diverse Paraphrases with
               Diversity-Aware Prompts and Workflows",
  author    = "Ramírez, Jorge and Baez, Marcos and Berro, Auday and Benatallah,
               Boualem and Casati, Fabio",
  booktitle = "Advanced Information Systems Engineering: 34th International
               Conference, CAiSE 2022, Leuven, Belgium, June 6–10, 2022,
               Proceedings",
  publisher = "Springer-Verlag",
  address   = "Berlin, Heidelberg",
  pages     = "253–269",
  year      =  2022,
  keywords  = "Task-oriented bots, Diversity, Paraphrasing,
               Crowdsourcing;Concept Competition"
}

@BOOK{Wexler1980-wj,
  title     = "Formal principles of language acquisition",
  author    = "Wexler, Kenneth and Culicover, Peter W",
  publisher = "MIT Press",
  address   = "London, England",
  year      =  1980,
  keywords  = "Concept Competition",
  language  = "en"
}

@BOOK{Chomsky2015-bg,
  title     = "Aspects of the theory of syntax",
  author    = "Chomsky, Noam",
  publisher = "MIT Press",
  address   = "London, England",
  edition   =  50,
  series    = "The MIT Press",
  year      =  2015,
  keywords  = "Concept Competition",
  language  = "en"
}

@ARTICLE{Crain1987-cb,
  title     = "Structure Dependence in Grammar Formation",
  author    = "Crain, Stephen and Nakayama, Mineharu",
  journal   = "Language (Baltim.)",
  publisher = "JSTOR",
  volume    =  63,
  number    =  3,
  pages     =  522,
  year      =  1987,
  keywords  = "Concept Competition"
}

@ARTICLE{Baker1982-ma,
  title     = "Formal principles of language acquisition",
  author    = "Baker, C L and Wexler, Kenneth and Culicover, Peter W",
  journal   = "Language (Baltim.)",
  publisher = "JSTOR",
  volume    =  58,
  number    =  2,
  pages     =  413,
  year      =  1982,
  keywords  = "Concept Competition"
}

@MISC{McCoyUnknown-uy,
  title        = "Does Syntax Need to Grow on Trees? Sources of Hierarchical
                  Inductive Bias in Sequence-to-Sequence Networks",
  author       = "McCoy, Tom and Frank, Robert and Linzen, Tal",
  howpublished = "\url{https://rtmccoy.com/rnn\_hierarchical\_biases.html}",
  note         = "Accessed: 2024-11-20",
  keywords     = "Concept Competition"
}

@INPROCEEDINGS{Mueller2024-qz,
  title     = "In-context learning generalizes, but not always robustly: The
               case of syntax",
  author    = "Mueller, Aaron and Webson, Albert and Petty, Jackson and Linzen,
               Tal",
  booktitle = "Proceedings of the 2024 Conference of the North American Chapter
               of the Association for Computational Linguistics: Human Language
               Technologies (Volume 1: Long Papers)",
  publisher = "Association for Computational Linguistics",
  address   = "Stroudsburg, PA, USA",
  pages     = "4761--4779",
  year      =  2024,
  keywords  = "Concept Competition"
}

@ARTICLE{Petty2021-pe,
  title         = "Transformers generalize linearly",
  author        = "Petty, Jackson and Frank, Robert",
  journal       = "arXiv [cs.CL]",
  year          =  2021,
  archivePrefix = "arXiv",
  primaryClass  = "cs.CL",
  eprint        = "2109.12036",
  keywords      = "Concept Competition"
}

@INPROCEEDINGS{Mueller2022-rm,
  title     = "Coloring the blank slate: Pre-training imparts a hierarchical
               inductive bias to sequence-to-sequence models",
  author    = "Mueller, Aaron and Frank, Robert and Linzen, Tal and Wang, Luheng
               and Schuster, Sebastian",
  booktitle = "Findings of the Association for Computational Linguistics: ACL
               2022",
  publisher = "Association for Computational Linguistics",
  address   = "Stroudsburg, PA, USA",
  year      =  2022,
  keywords  = "Concept Competition"
}

@ARTICLE{Murty2022-lw,
  title         = "Characterizing intrinsic compositionality in transformers
                   with tree projections",
  author        = "Murty, Shikhar and Sharma, Pratyusha and Andreas, Jacob and
                   Manning, Christopher D",
  journal       = "arXiv [cs.CL]",
  year          =  2022,
  archivePrefix = "arXiv",
  primaryClass  = "cs.CL",
  eprint        = "2211.01288",
  keywords      = "Concept Competition;Synthetic Data Generation"
}

@ARTICLE{Mueller2023-xq,
  title         = "How to plant trees in language models: Data and architectural
                   effects on the emergence of syntactic inductive biases",
  author        = "Mueller, Aaron and Linzen, Tal",
  journal       = "arXiv [cs.CL]",
  year          =  2023,
  archivePrefix = "arXiv",
  primaryClass  = "cs.CL",
  eprint        = "2305.19905",
  keywords      = "Concept Competition"
}

@INPROCEEDINGS{Hewitt2019-fc,
  title     = "A Structural Probe for Finding Syntax in Word Representations",
  author    = "Hewitt, John and Manning, Christopher D",
  booktitle = "Proceedings of the 2019 Conference of the North",
  publisher = "Association for Computational Linguistics",
  address   = "Stroudsburg, PA, USA",
  pages     = "4129--4138",
  year      =  2019,
  keywords  = "Concept Competition"
}

@ARTICLE{Schaeffer2023-od,
  title         = "Are emergent abilities of large language models a mirage?",
  author        = "Schaeffer, Rylan and Miranda, Brando and Koyejo, Sanmi",
  journal       = "arXiv [cs.AI]",
  year          =  2023,
  archivePrefix = "arXiv",
  primaryClass  = "cs.AI",
  eprint        = "2304.15004",
  keywords      = "Concept Competition"
}

@ARTICLE{Juneja2022-hj,
  title         = "Linear connectivity reveals generalization strategies",
  author        = "Juneja, Jeevesh and Bansal, Rachit and Cho, Kyunghyun and
                   Sedoc, João and Saphra, Naomi",
  journal       = "arXiv [cs.LG]",
  year          =  2022,
  archivePrefix = "arXiv",
  primaryClass  = "cs.LG",
  eprint        = "2205.12411",
  keywords      = "Concept Competition"
}

@ARTICLE{Theunissen2020-pv,
  title     = "Benign interpolation of noise in deep learning",
  author    = "Theunissen, Marthinus Wilhelmus and Davel, Marelie and Barnard,
               Etienne",
  journal   = "S. Afr. Comput. J.",
  publisher = "South African Institute of Computer Scientists and Information
               Technologists",
  volume    =  32,
  number    =  2,
  year      =  2020,
  keywords  = "Concept Competition"
}

@ARTICLE{Hu2023-vh,
  title         = "Latent state models of training dynamics",
  author        = "Hu, Michael Y and Chen, Angelica and Saphra, Naomi and Cho,
                   Kyunghyun",
  journal       = "arXiv [cs.LG]",
  year          =  2023,
  archivePrefix = "arXiv",
  primaryClass  = "cs.LG",
  eprint        = "2308.09543",
  keywords      = "Concept Competition"
}

@ARTICLE{Papadimitriou2023-gj,
  title         = "Injecting structural hints: Using language models to study
                   inductive biases in language learning",
  author        = "Papadimitriou, Isabel and Jurafsky, Dan",
  journal       = "arXiv [cs.CL]",
  year          =  2023,
  archivePrefix = "arXiv",
  primaryClass  = "cs.CL",
  eprint        = "2304.13060",
  keywords      = "Concept Competition"
}

@ARTICLE{Lubana2024-ed,
  title         = "A percolation model of emergence: Analyzing Transformers
                   trained on a formal language",
  author        = "Lubana, Ekdeep Singh and Kawaguchi, Kyogo and Dick, Robert P
                   and Tanaka, Hidenori",
  journal       = "arXiv [cs.LG]",
  year          =  2024,
  archivePrefix = "arXiv",
  primaryClass  = "cs.LG",
  eprint        = "2408.12578",
  keywords      = "Concept Competition"
}

@ARTICLE{Park2024-ri,
  title         = "Competition dynamics shape algorithmic phases of in-Context
                   Learning",
  author        = "Park, Core Francisco and Lubana, Ekdeep Singh and Pres,
                   Itamar and Tanaka, Hidenori",
  journal       = "arXiv [cs.LG]",
  year          =  2024,
  archivePrefix = "arXiv",
  primaryClass  = "cs.LG",
  eprint        = "2412.01003",
  keywords      = "Concept Competition"
}

@ARTICLE{Lakshminarayanan2016-fb,
  title         = "Simple and scalable predictive uncertainty estimation using
                   deep ensembles",
  author        = "Lakshminarayanan, Balaji and Pritzel, Alexander and Blundell,
                   Charles",
  journal       = "arXiv [stat.ML]",
  year          =  2016,
  archivePrefix = "arXiv",
  primaryClass  = "stat.ML",
  eprint        = "1612.01474",
  keywords      = "Softlabel;Concept Competition"
}

@INPROCEEDINGS{Huang2023-ab,
  title     = "{ParaAMR}: A large-scale syntactically diverse paraphrase dataset
               by {AMR} back-translation",
  author    = "Huang, Kuan-Hao and Iyer, Varun and Hsu, I-Hung and Kumar, Anoop
               and Chang, Kai-Wei and Galstyan, Aram",
  booktitle = "Proceedings of the 61st Annual Meeting of the Association for
               Computational Linguistics (Volume 1: Long Papers)",
  publisher = "Association for Computational Linguistics",
  address   = "Stroudsburg, PA, USA",
  year      =  2023,
  keywords  = "Concept Competition"
}

@ARTICLE{Song2024-cg,
  title         = "Revisiting code similarity evaluation with Abstract Syntax
                   Tree Edit Distance",
  author        = "Song, Yewei and Lothritz, Cedric and Tang, Daniel and
                   Bissyandé, Tegawendé F and Klein, Jacques",
  journal       = "arXiv [cs.CL]",
  year          =  2024,
  archivePrefix = "arXiv",
  primaryClass  = "cs.CL",
  eprint        = "2404.08817",
  keywords      = "Concept Competition"
}

@ARTICLE{Gao2024-fi,
  title     = "A dependency distance approach to the syntactic complexity
               variation in the connected speech of Alzheimer’s disease",
  author    = "Gao, Nan and He, Qingshun",
  journal   = "Humanit. Soc. Sci. Commun.",
  publisher = "Springer Science and Business Media LLC",
  volume    =  11,
  number    =  1,
  year      =  2024,
  keywords  = "Concept Competition",
  language  = "en"
}

@ARTICLE{Huang2024-aw,
  title         = "Unified view of grokking, double descent and emergent
                   abilities: A perspective from circuits competition",
  author        = "Huang, Yufei and Hu, Shengding and Han, Xu and Liu, Zhiyuan
                   and Sun, Maosong",
  journal       = "arXiv [cs.LG]",
  year          =  2024,
  archivePrefix = "arXiv",
  primaryClass  = "cs.LG",
  eprint        = "2402.15175",
  keywords      = "Concept Competition"
}

@ARTICLE{Kingma2014-he,
  title         = "Adam: A method for stochastic optimization",
  author        = "Kingma, Diederik P and Ba, Jimmy",
  journal       = "arXiv [cs.LG]",
  year          =  2014,
  archivePrefix = "arXiv",
  primaryClass  = "cs.LG",
  eprint        = "1412.6980",
  keywords      = "Concept Competition"
}

@ARTICLE{Hermann2020-ja,
  title         = "What shapes feature representations? Exploring datasets,
                   architectures, and training",
  author        = "Hermann, Katherine L and Lampinen, Andrew K",
  journal       = "arXiv [cs.LG]",
  year          =  2020,
  archivePrefix = "arXiv",
  primaryClass  = "cs.LG",
  eprint        = "2006.12433",
  keywords      = "Concept Competition"
}

@INPROCEEDINGS{Choshen2022-qj,
  title     = "The grammar-learning trajectories of neural language models",
  author    = "Choshen, Leshem and Hacohen, Guy and Weinshall, Daphna and Abend,
               Omri",
  booktitle = "Proceedings of the 60th Annual Meeting of the Association for
               Computational Linguistics (Volume 1: Long Papers)",
  publisher = "Association for Computational Linguistics",
  address   = "Stroudsburg, PA, USA",
  pages     = "8281--8297",
  year      =  2022,
  keywords  = "Concept Competition"
}

@ARTICLE{Nanda2023-zm,
  title         = "Progress measures for grokking via mechanistic
                   interpretability",
  author        = "Nanda, Neel and Chan, Lawrence and Lieberum, Tom and Smith,
                   Jess and Steinhardt, Jacob",
  journal       = "arXiv [cs.LG]",
  year          =  2023,
  archivePrefix = "arXiv",
  primaryClass  = "cs.LG",
  eprint        = "2301.05217",
  keywords      = "Concept Competition"
}

@ARTICLE{Barak2022-ub,
  title         = "Hidden progress in deep learning: {SGD} learns parities near
                   the computational limit",
  author        = "Barak, Boaz and Edelman, Benjamin L and Goel, Surbhi and
                   Kakade, Sham and Malach, Eran and Zhang, Cyril",
  journal       = "arXiv [cs.LG]",
  year          =  2022,
  archivePrefix = "arXiv",
  primaryClass  = "cs.LG",
  eprint        = "2207.08799",
  keywords      = "Concept Competition"
}

@ARTICLE{Merrill2023-an,
  title         = "A tale of two circuits: Grokking as competition of sparse and
                   dense subnetworks",
  author        = "Merrill, William and Tsilivis, Nikolaos and Shukla, Aman",
  journal       = "arXiv [cs.LG]",
  year          =  2023,
  archivePrefix = "arXiv",
  primaryClass  = "cs.LG",
  eprint        = "2303.11873",
  keywords      = "Concept Competition"
}

@ARTICLE{McCoy2019-br,
  title         = "Right for the wrong reasons: Diagnosing syntactic heuristics
                   in natural language inference",
  author        = "McCoy, R Thomas and Pavlick, Ellie and Linzen, Tal",
  journal       = "arXiv [cs.CL]",
  year          =  2019,
  archivePrefix = "arXiv",
  primaryClass  = "cs.CL",
  eprint        = "1902.01007",
  keywords      = "Concept Competition"
}

@INPROCEEDINGS{Zhou2020-xt,
  title     = "The Curse of Performance Instability in Analysis Datasets:
               Consequences, Source, and Suggestions",
  author    = "Zhou, Xiang and Nie, Yixin and Tan, Hao and Bansal, Mohit",
  booktitle = "Proceedings of the 2020 Conference on Empirical Methods in
               Natural Language Processing",
  year      =  2020,
  keywords  = "nli; reading sets; model-selection routine; instability;Concept
               Competition"
}

@ARTICLE{D-Amour2022-tl,
  title    = "Underspecification Presents Challenges for Credibility in Modern
              Machine Learning",
  author   = "D'Amour, Alexander and Heller, Katherine and Moldovan, Dan and
              Adlam, Ben and Alipanahi, Babak and Beutel, Alex and Chen,
              Christina and Deaton, Jonathan and Eisenstein, Jacob and Hoffman,
              Matthew D and Hormozdiari, Farhad and Houlsby, Neil and Hou,
              Shaobo and Jerfel, Ghassen and Karthikesalingam, Alan and Lucic,
              Mario and Ma, Yian and McLean, Cory and Mincu, Diana and Mitani,
              Akinori and Montanari, Andrea and Nado, Zachary and Natarajan,
              Vivek and Nielson, Christopher and Osborne, Thomas F and Raman,
              Rajiv and Ramasamy, Kim and Sayres, Rory and Schrouff, Jessica and
              Seneviratne, Martin and Sequeira, Shannon and Suresh, Harini and
              Veitch, Victor and Vladymyrov, Max and Wang, Xuezhi and Webster,
              Kellie and Yadlowsky, Steve and Yun, Taedong and Zhai, Xiaohua and
              Sculley, D",
  journal  = "Journal of Machine Learning Research",
  volume   =  23,
  number   =  226,
  pages    = "1--61",
  year     =  2022,
  keywords = "Concept Competition"
}

@INPROCEEDINGS{Naik2018-og,
  title     = "Stress Test Evaluation for Natural Language Inference",
  author    = "Naik, Aakanksha and Ravichander, Abhilasha and Sadeh, Norman and
               Rose, Carolyn and Neubig, Graham",
  booktitle = "Proceedings of the 27th International Conference on Computational
               Linguistics",
  pages     = "2340--2353",
  year      =  2018,
  keywords  = "Concept Competition"
}

@ARTICLE{Dodge2020-pb,
  title         = "Fine-tuning pretrained language models: Weight
                   initializations, data orders, and early stopping",
  author        = "Dodge, Jesse and Ilharco, Gabriel and Schwartz, Roy and
                   Farhadi, Ali and Hajishirzi, Hannaneh and Smith, Noah",
  journal       = "arXiv [cs.CL]",
  year          =  2020,
  archivePrefix = "arXiv",
  primaryClass  = "cs.CL",
  eprint        = "2002.06305",
  keywords      = "Concept Competition"
}

@INPROCEEDINGS{Sellam2021-rz,
  title     = "The {MultiBERTs}: {BERT} Reproductions for Robustness Analysis",
  author    = "Sellam, Thibault and Yadlowsky, Steve and Tenney, Ian and Wei,
               Jason and Saphra, Naomi and D'Amour, Alexander and Linzen, Tal
               and Bastings, Jasmijn and Turc, Iulia Raluca and Eisenstein,
               Jacob and Das, Dipanjan and Pavlick, Ellie",
  booktitle = "International Conference on Learning Representations",
  year      =  2021,
  keywords  = "Concept Competition"
}

@BOOK{MacWhinney2014-jq,
  title     = "The childes project: Tools for analyzing talk, volume {II}: The
               database",
  author    = "MacWhinney, Brian",
  publisher = "Psychology Press",
  address   = "London, England",
  edition   =  3,
  year      =  2014,
  keywords  = "Concept Competition"
}

@ARTICLE{Olsson2022-ed,
  title         = "In-context learning and induction heads",
  author        = "Olsson, Catherine and Elhage, Nelson and Nanda, Neel and
                   Joseph, Nicholas and DasSarma, Nova and Henighan, Tom and
                   Mann, Ben and Askell, Amanda and Bai, Yuntao and Chen, Anna
                   and Conerly, Tom and Drain, Dawn and Ganguli, Deep and
                   Hatfield-Dodds, Zac and Hernandez, Danny and Johnston, Scott
                   and Jones, Andy and Kernion, Jackson and Lovitt, Liane and
                   Ndousse, Kamal and Amodei, Dario and Brown, Tom and Clark,
                   Jack and Kaplan, Jared and McCandlish, Sam and Olah, Chris",
  journal       = "arXiv [cs.LG]",
  year          =  2022,
  archivePrefix = "arXiv",
  primaryClass  = "cs.LG",
  eprint        = "2209.11895",
  keywords      = "Concept Competition"
}

@ARTICLE{Geirhos2020-ex,
  title     = "Shortcut learning in deep neural networks",
  author    = "Geirhos, Robert and Jacobsen, Jörn-Henrik and Michaelis, Claudio
               and Zemel, Richard and Brendel, Wieland and Bethge, Matthias and
               Wichmann, Felix A",
  journal   = "Nat. Mach. Intell.",
  publisher = "Springer Science and Business Media LLC",
  volume    =  2,
  number    =  11,
  pages     = "665--673",
  year      =  2020,
  keywords  = "Concept Competition",
  language  = "en"
}

@INPROCEEDINGS{Saphra2019-sq,
  title     = "Understanding learning dynamics of language models with",
  author    = "Saphra, Naomi and Lopez, Adam",
  booktitle = "Proceedings of the 2019 Conference of the North",
  publisher = "Association for Computational Linguistics",
  address   = "Stroudsburg, PA, USA",
  pages     = "3257--3267",
  year      =  2019,
  keywords  = "Concept Competition"
}

@ARTICLE{Kam2008-fb,
  title     = "Bigrams and the richness of the stimulus",
  author    = "Kam, Xuân-Nga Cao and Stoyneshka, Iglika and Tornyova, Lidiya and
               Fodor, Janet D and Sakas, William G",
  journal   = "Cogn. Sci.",
  publisher = "Wiley",
  volume    =  32,
  number    =  4,
  pages     = "771--787",
  year      =  2008,
  keywords  = "Concept Competition",
  language  = "en"
}

@ARTICLE{Berwick2011-xb,
  title     = "Poverty of the stimulus revisited",
  author    = "Berwick, Robert C and Pietroski, Paul and Yankama, Beracah and
               Chomsky, Noam",
  journal   = "Cogn. Sci.",
  publisher = "Wiley",
  volume    =  35,
  number    =  7,
  pages     = "1207--1242",
  year      =  2011,
  keywords  = "Concept Competition",
  language  = "en"
}

@ARTICLE{Zhu2024-nz,
  title         = "Critical data size of language models from a grokking
                   perspective",
  author        = "Zhu, Xuekai and Fu, Yao and Zhou, Bowen and Lin, Zhouhan",
  journal       = "arXiv [cs.CL]",
  year          =  2024,
  archivePrefix = "arXiv",
  primaryClass  = "cs.CL",
  eprint        = "2401.10463",
  keywords      = "Concept Competition"
}

@ARTICLE{Ahuja2024-ul,
  title         = "Learning syntax without planting trees: Understanding when
                   and why transformers generalize hierarchically",
  author        = "Ahuja, Kabir and Balachandran, Vidhisha and Panwar, Madhur
                   and He, Tianxing and Smith, Noah A and Goyal, Navin and
                   Tsvetkov, Yulia",
  journal       = "arXiv [cs.CL]",
  year          =  2024,
  archivePrefix = "arXiv",
  primaryClass  = "cs.CL",
  eprint        = "2404.16367",
  keywords      = "Concept Competition"
}

@ARTICLE{Chen2023-fi,
  title         = "Sudden drops in the loss: Syntax acquisition, phase
                   transitions, and simplicity bias in {MLMs}",
  author        = "Chen, Angelica and Shwartz-Ziv, Ravid and Cho, Kyunghyun and
                   Leavitt, Matthew L and Saphra, Naomi",
  journal       = "arXiv [cs.CL]",
  year          =  2023,
  archivePrefix = "arXiv",
  primaryClass  = "cs.CL",
  eprint        = "2309.07311",
  keywords      = "Concept Competition"
}

@INPROCEEDINGS{Murty2023-xp,
  title     = "Grokking of hierarchical structure in vanilla transformers",
  author    = "Murty, Shikhar and Sharma, Pratyusha and Andreas, Jacob and
               Manning, Christopher",
  booktitle = "Proceedings of the 61st Annual Meeting of the Association for
               Computational Linguistics (Volume 2: Short Papers)",
  publisher = "Association for Computational Linguistics",
  address   = "Stroudsburg, PA, USA",
  year      =  2023,
  keywords  = "Concept Competition"
}

@ARTICLE{Furuta2024-gn,
  title         = "Interpreting grokked transformers in complex modular
                   arithmetic",
  author        = "Furuta, Hiroki and Minegishi, Gouki and Iwasawa, Yusuke and
                   Matsuo, Yutaka",
  journal       = "arXiv [cs.LG]",
  year          =  2024,
  archivePrefix = "arXiv",
  primaryClass  = "cs.LG",
  eprint        = "2402.16726",
  keywords      = "Concept Competition"
}

@ARTICLE{Liu2022-mj,
  title         = "Omnigrok: Grokking beyond algorithmic data",
  author        = "Liu, Ziming and Michaud, Eric J and Tegmark, Max",
  journal       = "arXiv [cs.LG]",
  year          =  2022,
  archivePrefix = "arXiv",
  primaryClass  = "cs.LG",
  eprint        = "2210.01117",
  keywords      = "Concept Competition"
}

@ARTICLE{Notsawo2023-me,
  title         = "Predicting Grokking Long Before it Happens: A look into the
                   loss landscape of models which grok",
  author        = "Notsawo, Pascal Jr Tikeng and Zhou, Hattie and Pezeshki,
                   Mohammad and Rish, Irina and Dumas, Guillaume",
  journal       = "arXiv [cs.LG]",
  year          =  2023,
  archivePrefix = "arXiv",
  primaryClass  = "cs.LG",
  eprint        = "2306.13253",
  keywords      = "Concept Competition"
}

@ARTICLE{Jastrzebski2020-cs,
  title         = "The break-even point on optimization trajectories of deep
                   neural networks",
  author        = "Jastrzebski, Stanislaw and Szymczak, Maciej and Fort,
                   Stanislav and Arpit, Devansh and Tabor, Jacek and Cho,
                   Kyunghyun and Geras, Krzysztof",
  journal       = "arXiv [cs.LG]",
  year          =  2020,
  archivePrefix = "arXiv",
  primaryClass  = "cs.LG",
  eprint        = "2002.09572",
  keywords      = "Concept Competition"
}

@ARTICLE{Kleinman2023-sh,
  title         = "Critical learning periods emerge even in deep linear networks",
  author        = "Kleinman, Michael and Achille, Alessandro and Soatto, Stefano",
  journal       = "arXiv [cs.LG]",
  year          =  2023,
  archivePrefix = "arXiv",
  primaryClass  = "cs.LG",
  eprint        = "2308.12221",
  keywords      = "Concept Competition"
}

@ARTICLE{Varma2023-iq,
  title         = "Explaining grokking through circuit efficiency",
  author        = "Varma, Vikrant and Shah, Rohin and Kenton, Zachary and
                   Kramár, János and Kumar, Ramana",
  journal       = "arXiv [cs.LG]",
  year          =  2023,
  archivePrefix = "arXiv",
  primaryClass  = "cs.LG",
  eprint        = "2309.02390",
  keywords      = "Concept Competition"
}

@ARTICLE{Thilak2022-dx,
  title         = "The Slingshot Mechanism: An empirical study of adaptive
                   optimizers and the grokking phenomenon",
  author        = "Thilak, Vimal and Littwin, Etai and Zhai, Shuangfei and
                   Saremi, Omid and Paiss, Roni and Susskind, Joshua",
  journal       = "arXiv [cs.LG]",
  year          =  2022,
  archivePrefix = "arXiv",
  primaryClass  = "cs.LG",
  eprint        = "2206.04817",
  keywords      = "Concept Competition"
}

@ARTICLE{Abbe2023-fs,
  title         = "Generalization on the unseen, logic reasoning and degree
                   curriculum",
  author        = "Abbe, Emmanuel and Bengio, Samy and Lotfi, Aryo and Rizk,
                   Kevin",
  journal       = "arXiv [cs.LG]",
  year          =  2023,
  archivePrefix = "arXiv",
  primaryClass  = "cs.LG",
  eprint        = "2301.13105",
  keywords      = "Concept Competition"
}

@ARTICLE{McCoy2018-uv,
  title         = "Revisiting the poverty of the stimulus: hierarchical
                   generalization without a hierarchical bias in recurrent
                   neural networks",
  author        = "McCoy, R Thomas and Frank, Robert and Linzen, Tal",
  journal       = "arXiv [cs.CL]",
  year          =  2018,
  archivePrefix = "arXiv",
  primaryClass  = "cs.CL",
  eprint        = "1802.09091",
  keywords      = "Concept Competition"
}

@ARTICLE{McCoy2020-pj,
  title     = "Does syntax need to grow on trees? Sources of hierarchical
               inductive bias in sequence-to-sequence networks",
  author    = "McCoy, R Thomas and Frank, Robert and Linzen, Tal",
  journal   = "Trans. Assoc. Comput. Linguist.",
  publisher = "MIT Press",
  volume    =  8,
  pages     = "125--140",
  year      =  2020,
  keywords  = "Concept Competition",
  language  = "en"
}

@ARTICLE{Power2022-hz,
  title         = "Grokking: Generalization beyond overfitting on small
                   algorithmic datasets",
  author        = "Power, Alethea and Burda, Yuri and Edwards, Harri and
                   Babuschkin, Igor and Misra, Vedant",
  journal       = "arXiv [cs.LG]",
  year          =  2022,
  archivePrefix = "arXiv",
  primaryClass  = "cs.LG",
  eprint        = "2201.02177",
  keywords      = "Concept Competition"
}

@INPROCEEDINGS{Papadimitriou2020-la,
  title     = "Learning music helps you read: Using transfer to study linguistic
               structure in language models",
  author    = "Papadimitriou, Isabel and Jurafsky, Dan",
  booktitle = "Proceedings of the 2020 Conference on Empirical Methods in
               Natural Language Processing (EMNLP)",
  publisher = "Association for Computational Linguistics",
  address   = "Stroudsburg, PA, USA",
  year      =  2020,
  keywords  = "Concept Competition"
}

@ARTICLE{Saphra2018-xx,
  title         = "Understanding learning dynamics of language models with
                   {SVCCA}",
  author        = "Saphra, Naomi and Lopez, Adam",
  journal       = "arXiv [cs.CL]",
  year          =  2018,
  archivePrefix = "arXiv",
  primaryClass  = "cs.CL",
  eprint        = "1811.00225",
  keywords      = "Concept Competition"
}

@ARTICLE{Linzen2016-vx,
  title     = "Assessing the ability of {LSTMs} to learn syntax-sensitive
               dependencies",
  author    = "Linzen, Tal and Dupoux, Emmanuel and Goldberg, Yoav",
  journal   = "Trans. Assoc. Comput. Linguist.",
  publisher = "MIT Press - Journals",
  volume    =  4,
  pages     = "521--535",
  year      =  2016,
  keywords  = "Concept Competition",
  language  = "en"
}

@INPROCEEDINGS{Saphra2020-gl,
  title     = "{LSTMs} compose—and learn—bottom-up",
  author    = "Saphra, Naomi and Lopez, Adam",
  booktitle = "Findings of the Association for Computational Linguistics: EMNLP
               2020",
  publisher = "Association for Computational Linguistics",
  address   = "Stroudsburg, PA, USA",
  year      =  2020,
  keywords  = "Concept Competition"
}

@ARTICLE{Berlot-Attwell2023-qx,
  title         = "Attribute diversity determines the systematicity gap in {VQA}",
  author        = "Berlot-Attwell, Ian and Agrawal, Kumar Krishna and Carrell, A
                   Michael and Sharma, Yash and Saphra, Naomi",
  journal       = "arXiv [cs.LG]",
  year          =  2023,
  archivePrefix = "arXiv",
  primaryClass  = "cs.LG",
  eprint        = "2311.08695",
  keywords      = "Concept Competition"
}

@ARTICLE{Zhang1989-ma,
  title     = "Simple fast algorithms for the editing distance between trees and
               related problems",
  author    = "Zhang, Kaizhong and Shasha, Dennis",
  journal   = "SIAM J. Comput.",
  publisher = "Society for Industrial \& Applied Mathematics (SIAM)",
  volume    =  18,
  number    =  6,
  pages     = "1245--1262",
  year      =  1989,
  keywords  = "Concept Competition"
}
